timestamp,symbol,maker_exchange,side,size,price,notional_usd,order_id,client_order_id,source
2026-04-14T11:40:42.785229384+00:00,CLUSDT,Binance,SELL,0.9669101847872797,93.08,90.0,284246641,xl-4cab053d0acf43f68313b9081e8d747d,main_loop_limit_order_normal
2026-04-14T11:41:33.579526005+00:00,CLUSDT,Binance,SELL,0.9673258813413584,93.04,90.0,284250018,xl-77394cb54db44a229929efe827dda9ec,main_loop_limit_order_normal
2026-04-14T11:41:54.427505328+00:00,CLUSDT,Binance,SELL,0.9678460049467685,92.99,90.0,284251628,xl-223fce32528a4e7f9b36152022e6d6af,main_loop_limit_order_normal
2026-04-14T11:42:07.224121742+00:00,CLUSDT,Binance,SELL,0.9674298613350532,93.03,90.0,284253614,xl-469fab03534c4e388913e0901e62c5cb,main_loop_limit_order_normal
2026-04-14T11:42:12.576715822+00:00,CLUSDT,Binance,SELL,0.9681583476764198,92.96000000000001,90.0,284254867,xl-06c2d4596b5e4c44ae2081036a3c5f11,main_loop_limit_order_normal
2026-04-14T11:42:38.476090032+00:00,CLUSDT,Binance,SELL,0.9684708920692994,92.93,90.0,284258143,xl-c945823fcd114b02860d8338f6c2b43d,main_loop_limit_order_normal
2026-04-14T11:44:19.023950729+00:00,CLUSDT,Binance,SELL,0.9676378883990968,93.01,90.0,284269217,xl-8b5ed23e2f834eb7a0a2b9460223c9d6,main_loop_limit_order_normal
2026-04-14T11:44:41.327004884+00:00,CLUSDT,Binance,SELL,0.9672219236969372,93.05,90.0,284271251,xl-884802c2eb484fbcbe4c4bda74f4c805,main_loop_limit_order_normal
2026-04-14T11:45:09.374851795+00:00,CLUSDT,Binance,SELL,0.9676378883990968,93.01,90.0,284274971,xl-83312b7f10f3483e8abacee7003ee7d1,main_loop_limit_order_normal
2026-04-14T11:48:03.726345179+00:00,CLUSDT,Binance,SELL,0.9669101847872797,93.08,90.0,284290683,xl-795fd5a5364042f2bac856aa2a731317,main_loop_limit_order_normal
2026-04-14T11:48:23.025649864+00:00,CLUSDT,Binance,SELL,0.9672219236969372,93.05,90.0,284292328,xl-1584cf0a9a394b22bb1b39c65d3421bd,main_loop_limit_order_normal
2026-04-14T11:49:20.674519676+00:00,CLUSDT,Binance,SELL,0.9676378883990968,93.01,90.0,284295953,xl-52c93636931d41629b804f93f52b6fe7,main_loop_limit_order_normal
2026-04-14T11:51:12.275038614+00:00,CLUSDT,Binance,SELL,0.9683666881859264,92.94,90.0,284311900,xl-3395d9dfa8c844e4868c440422189979,main_loop_limit_order_normal
2026-04-14T11:52:33.075040714+00:00,CLUSDT,Binance,SELL,0.9678460049467685,92.99,90.0,284318509,xl-7b64fc8014df4802a55fcc1e376ddc46,main_loop_limit_order_normal
2026-04-14T11:52:36.126340942+00:00,CLUSDT,Binance,SELL,0.9678460049467685,92.99,90.0,284318573,xl-2041324be6904dc7a120d9669ae45d2b,main_loop_limit_order_normal
2026-04-14T11:52:54.775510774+00:00,CLUSDT,Binance,SELL,0.9683666881859264,92.94,90.0,284319953,xl-0b5eaae5a5d14ed09a856b9be435de72,main_loop_limit_order_normal
2026-04-14T11:52:57.824980486+00:00,CLUSDT,Binance,SELL,0.9683666881859264,92.94,90.0,284320140,xl-b633cbe52c174ced8c629a3b705f0a01,main_loop_limit_order_normal
2026-04-14T11:55:09.324489398+00:00,CLUSDT,Binance,SELL,0.9668063164679342,93.09,90.0,284329703,xl-ba3a6cf2ef504b79bd9b7b740947175d,main_loop_limit_order_normal
2026-04-14T11:57:13.374414487+00:00,CLUSDT,Binance,SELL,0.9664948453608248,93.12,90.0,284342710,xl-ce81b33fc04745d09e4dc4cd1a5a9c47,main_loop_limit_order_normal
2026-04-14T11:59:07.024279284+00:00,CLUSDT,Binance,SELL,0.972762645914397,92.52,90.0,284414722,xl-7d40f7e6338a4c2d8b09c3262ae16eeb,main_loop_limit_order_normal
2026-04-14T12:03:58.824878786+00:00,CLUSDT,Binance,SELL,0.9753982876341173,92.73,90.4486832123117,284481680,xl-51978425630340fcb9d67c3e804f4b5d,main_loop_limit_order_normal
2026-04-14T12:04:07.325145510+00:00,CLUSDT,Binance,SELL,0.9746588693957114,92.34,90.0,284483151,xl-57f73a1758474b8585a8335a9f7f1de1,main_loop_limit_order_normal
2026-04-14T12:04:10.374252123+00:00,CLUSDT,Binance,SELL,0.9744478129060199,92.36,90.0,284483673,xl-a6f60f5c853f4b6f8db5c5c408b24311,main_loop_limit_order_normal
2026-04-14T12:05:31.775180851+00:00,CLUSDT,Binance,SELL,0.9741313995021106,92.39,90.0,284495782,xl-dadcc9e8a3c0421a874b9afc4f101489,main_loop_limit_order_normal
2026-04-14T12:06:56.924224873+00:00,CLUSDT,Binance,SELL,0.9752925877763329,92.44,90.1560468140442,284506318,xl-4f5f581f9575476f98c9e6d09d94ae9c,main_loop_limit_order_normal
2026-04-14T12:07:04.424011864+00:00,CLUSDT,Binance,SELL,0.975609756097561,92.44,90.18536585365854,284507233,xl-bc22add4e66c435aaf45b250eb3534a8,main_loop_limit_order_normal
2026-04-14T12:07:07.475222604+00:00,CLUSDT,Binance,SELL,0.9751869108245746,92.44,90.14627803662368,284507727,xl-b3ffd1438a8e4bebb6028ede50e1e0c9,main_loop_limit_order_normal
2026-04-14T12:07:17.324405578+00:00,CLUSDT,Binance,SELL,0.9757155247181267,92.44,90.19514310494363,284509093,xl-664d044cbd3647699b43d4e24a78d952,main_loop_limit_order_normal
2026-04-14T12:07:37.424554699+00:00,CLUSDT,Binance,SELL,0.9753982876341173,92.44,90.1658177088978,284512021,xl-0bf6be1be74d475b91cb6804bbc014b3,main_loop_limit_order_normal
2026-04-14T12:07:54.674965790+00:00,CLUSDT,Binance,SELL,0.9757155247181267,92.24,90.0,284513923,xl-348bad2861c54a2ab735d6d548594421,main_loop_limit_order_normal
2026-04-14T12:11:30.176578250+00:00,CLUSDT,Binance,SELL,0.9750812567713977,92.3,90.0,284550450,xl-c3c8092974d34f239ebc11c972f1cd03,main_loop_limit_order_normal
2026-04-14T12:12:02.175494569+00:00,CLUSDT,Binance,SELL,0.9747644319289506,92.33,90.0,284555939,xl-a96dfbee7a18481c92bddf02de1c2da7,main_loop_limit_order_normal
2026-04-14T12:12:06.174728185+00:00,CLUSDT,Binance,SELL,0.974342318934719,92.37,90.0,284557291,xl-b00540fc8a0d4a9faecfdc86da9c3a15,main_loop_limit_order_normal
2026-04-14T12:12:09.224533765+00:00,CLUSDT,Binance,SELL,0.9744478129060199,92.36,90.0,284557873,xl-f652e932e4bc49fca057db0e20cc5180,main_loop_limit_order_normal
2026-04-14T12:12:19.125253766+00:00,CLUSDT,Binance,SELL,0.9746588693957114,92.34,90.0,284559008,xl-0ffe5310e7c9413ea1e9cbe2e45cd719,main_loop_limit_order_normal
2026-04-14T12:14:39.125433788+00:00,CLUSDT,Binance,SELL,0.974342318934719,92.37,90.0,284575888,xl-0d259a8238944e5aac15b2917ca9cbb6,main_loop_limit_order_normal
2026-04-14T12:14:44.125129059+00:00,CLUSDT,Binance,SELL,0.9747644319289506,92.33,90.0,284576587,xl-f06ae39681d04b408865ef91bf76692e,main_loop_limit_order_normal
2026-04-14T12:16:05.924942929+00:00,CLUSDT,Binance,SELL,0.975504010405376,92.26,90.0,284586504,xl-969af69c6f374f90a2bc66b1c99c9bb8,main_loop_limit_order_normal
2026-04-14T12:16:08.974768753+00:00,CLUSDT,Binance,SELL,0.9751869108245746,92.29,90.0,284586942,xl-21ae299618234eb6ad85138ce721141f,main_loop_limit_order_normal
2026-04-14T12:16:14.725236024+00:00,CLUSDT,Binance,SELL,0.975504010405376,92.26,90.0,284589200,xl-f73f6b7300b240da9d4678180d86b701,main_loop_limit_order_normal
2026-04-14T12:17:13.676776425+00:00,CLUSDT,Binance,SELL,0.9750812567713977,92.3,90.0,284599058,xl-a08dab48ad2c41ceabcee6a64d46acdf,main_loop_limit_order_normal
2026-04-14T12:17:16.724726239+00:00,CLUSDT,Binance,SELL,0.9749756256093598,92.31,90.0,284599535,xl-2a4c3824137d4e939f7d97bd22dd3c64,main_loop_limit_order_normal
2026-04-14T12:17:30.825258336+00:00,CLUSDT,Binance,SELL,0.975609756097561,92.25,90.0,284601297,xl-a80c2cf3a4f44515810544f5b878e9de,main_loop_limit_order_normal
2026-04-14T12:17:33.874905804+00:00,CLUSDT,Binance,SELL,0.9758213162745311,92.23,90.0,284601828,xl-f3c54d6297114eaa81a1cfa8b35f6aeb,main_loop_limit_order_normal
2026-04-14T12:17:48.073940587+00:00,CLUSDT,Binance,SELL,0.9764565476836281,92.17,90.0,284603687,xl-3fd8b457647e4a0882ca8b6e9b62f296,main_loop_limit_order_normal
2026-04-14T12:17:52.924227653+00:00,CLUSDT,Binance,SELL,0.9771986970684038,92.10000000000001,90.0,284605598,xl-df767cf939b54ae68435545d81523086,main_loop_limit_order_normal
2026-04-14T12:19:22.275861496+00:00,CLUSDT,Binance,SELL,0.9767744736270892,92.14,90.0,284618005,xl-3094c60e0ded42678cf6c4b25f54f9dc,main_loop_limit_order_normal
2026-04-14T12:19:32.324448265+00:00,CLUSDT,Binance,SELL,0.9763506183553915,92.18,90.0,284619460,xl-a340216ea08d4b14bb170e14cabec3d8,main_loop_limit_order_normal
2026-04-14T12:20:15.074001632+00:00,CLUSDT,Binance,SELL,0.9767744736270892,92.14,90.0,284624243,xl-5f010cb67da6457f894baacdb642ca0b,main_loop_limit_order_normal
2026-04-14T12:20:18.124670130+00:00,CLUSDT,Binance,SELL,0.9767744736270892,92.14,90.0,284624304,xl-ec3be2dccdb6418faeb0fe6347eabdd5,main_loop_limit_order_normal
2026-04-14T12:20:27.024936698+00:00,CLUSDT,Binance,SELL,0.9770926066659429,92.11,90.0,284625087,xl-984ab98a010c4e918169fd4e3f9cc1af,main_loop_limit_order_normal
2026-04-14T12:23:19.924105235+00:00,CLUSDT,Binance,SELL,0.9768804949527842,92.13,90.0,284648859,xl-1790158b71aa4800b853265d33a8a2fd,main_loop_limit_order_normal
2026-04-14T12:24:39.124836468+00:00,CLUSDT,Binance,SELL,0.9778357235984354,92.04,90.0,284661105,xl-26202787dc674b8999b11cb96df683a1,main_loop_limit_order_normal
2026-04-14T12:24:48.224928997+00:00,CLUSDT,Binance,SELL,0.9767744736270892,92.14,90.0,284663725,xl-7b076580e17049fb9c225c3e08bfe130,main_loop_limit_order_normal
2026-04-14T12:24:54.175120042+00:00,CLUSDT,Binance,SELL,0.9774109470026064,92.08,90.0,284665152,xl-2c655dae1da6453fbf82f490c17e75a9,main_loop_limit_order_normal
2026-04-14T12:28:29.224380799+00:00,CLUSDT,Binance,SELL,0.979538528515455,92.21,90.3232477144101,284734170,xl-9e15ab602f3d4173b19554dafe0639bb,main_loop_limit_order_normal
2026-04-14T12:28:36.924102431+00:00,CLUSDT,Binance,SELL,0.9790057652561731,91.93,90.0,284737015,xl-42fff4c26f1741929b334a590f27415f,main_loop_limit_order_normal
2026-04-14T12:34:08.825060699+00:00,CLUSDT,Binance,SELL,0.979538528515455,91.95,90.06856769699608,284800689,xl-55308797b7734a11802085b60f991f53,main_loop_limit_order_normal
2026-04-14T12:34:20.924622797+00:00,CLUSDT,Binance,SELL,0.9798584648884049,91.85000000000001,90.0,284804422,xl-d61c97e0d69c473882811e735c0daa21,main_loop_limit_order_normal
2026-04-14T12:35:39.724270205+00:00,CLUSDT,Binance,SELL,0.9800718719372754,91.83,90.0,284820163,xl-c8a8986342114d98b40c525dfbf69177,main_loop_limit_order_normal
2026-04-14T12:37:07.024837406+00:00,CLUSDT,Binance,SELL,0.9797517962116264,91.86,90.0,284831457,xl-b8913d15eff84c82bd105232bdc30632,main_loop_limit_order_normal
2026-04-14T12:37:21.374469505+00:00,CLUSDT,Binance,SELL,0.9797517962116264,91.86,90.0,284833471,xl-b190de3d9bba45779d6b3feed88d9578,main_loop_limit_order_normal
2026-04-14T12:37:28.074663060+00:00,CLUSDT,Binance,SELL,0.9792188010009792,91.91,90.0,284834008,xl-1dc54a3a9305411cb2c509f4df5cbd44,main_loop_limit_order_normal
2026-04-14T12:37:42.373981171+00:00,CLUSDT,Binance,SELL,0.9787928221859706,91.95,90.0,284835264,xl-4df9ea930fb84785841d94c493d50265,main_loop_limit_order_normal
2026-04-14T12:37:45.424218267+00:00,CLUSDT,Binance,SELL,0.978579971729912,91.97,90.0,284835663,xl-ec34e944226a4727bf07a25c24f20d9a,main_loop_limit_order_normal
2026-04-14T12:37:59.375072029+00:00,CLUSDT,Binance,SELL,0.97911227154047,91.92,90.0,284838319,xl-d351132a26be48e5ab3e8c9879b2e73f,main_loop_limit_order_normal
2026-04-14T12:38:05.824699398+00:00,CLUSDT,Binance,SELL,0.9787928221859706,91.95,90.0,284838877,xl-48b6845b5a3948199432fd827f7c8c20,main_loop_limit_order_normal
2026-04-14T12:38:37.124656957+00:00,CLUSDT,Binance,SELL,0.979538528515455,91.88,90.0,284842400,xl-59c84cc1aa514097acde542026d9bd0f,main_loop_limit_order_normal
2026-04-14T12:39:03.124727795+00:00,CLUSDT,Binance,SELL,0.9793253536452665,91.9,90.0,284846570,xl-aa0c8abf8c874c20a90b3afc9d3c4cc3,main_loop_limit_order_normal
2026-04-14T12:39:37.024424091+00:00,CLUSDT,Binance,SELL,0.9796451507565037,91.87,90.0,284851507,xl-34a5a71a997a42ce944d50b9a25d88b5,main_loop_limit_order_normal
2026-04-14T12:39:45.174798797+00:00,CLUSDT,Binance,SELL,0.979538528515455,91.88,90.0,284852390,xl-789a212889c742a699f7e8d9fcc5d9c6,main_loop_limit_order_normal
2026-04-14T12:39:48.224060144+00:00,CLUSDT,Binance,SELL,0.9792188010009792,91.91,90.0,284852695,xl-6feb0474618f4ec582b3b8891bbc1f9a,main_loop_limit_order_normal
2026-04-14T12:39:59.874429878+00:00,CLUSDT,Binance,SELL,0.978579971729912,91.97,90.0,284854155,xl-20989c9112d14c459d682089533a27f3,main_loop_limit_order_normal
2026-04-14T12:40:16.824913819+00:00,CLUSDT,Binance,SELL,0.9779419754427904,92.03,90.0,284858310,xl-e0a0c1cd56c042738702a4987f1a0f40,main_loop_limit_order_normal
2026-04-14T12:40:29.675315296+00:00,CLUSDT,Binance,SELL,0.9782608695652174,92.0,90.0,284859627,xl-72170ee5aa364fe780f914b16d6bc94a,main_loop_limit_order_normal
2026-04-14T12:41:01.924237596+00:00,CLUSDT,Binance,SELL,0.9779419754427904,92.03,90.0,284866055,xl-29be690cd44043d6a91ff0b2141bbd3e,main_loop_limit_order_normal
2026-04-14T12:41:04.974509313+00:00,CLUSDT,Binance,SELL,0.977729494839761,92.05,90.0,284866376,xl-841d32d730e54408bd055e3195ad9853,main_loop_limit_order_normal
2026-04-14T12:41:17.175353226+00:00,CLUSDT,Binance,SELL,0.97836721382759,91.99,90.0,284870336,xl-cdbcebdcbe9247b2a2cddd7b8fdc8e63,main_loop_limit_order_normal
2026-04-14T12:41:48.724427338+00:00,CLUSDT,Binance,SELL,0.97911227154047,91.92,90.0,284876280,xl-b878b973980841799e8ebe73a3f50da6,main_loop_limit_order_normal
2026-04-14T12:43:23.974496039+00:00,CLUSDT,Binance,SELL,0.9786863853849499,91.96000000000001,90.0,284886960,xl-5344788165ef4522ab2092c3aae4053e,main_loop_limit_order_normal
2026-04-14T12:43:37.424805162+00:00,CLUSDT,Binance,SELL,0.97836721382759,91.99,90.0,284889223,xl-a86b53a8981f4522af47166251cc46ac,main_loop_limit_order_normal
2026-04-14T12:45:02.474748420+00:00,CLUSDT,Binance,SELL,0.9776232891592439,92.06,90.0,284914442,xl-01cd6fa15d654fa2a504d68ccb42dabd,main_loop_limit_order_normal
2026-04-14T12:45:21.825481907+00:00,CLUSDT,Binance,SELL,0.9779419754427904,92.03,90.0,284918252,xl-9413ec690fa24f5fb4b22e6f15f16993,main_loop_limit_order_normal
2026-04-14T12:45:28.924055121+00:00,CLUSDT,Binance,SELL,0.9784735812133072,91.98,90.0,284920675,xl-8ea63d1fa6304df3a072c6938f1577c7,main_loop_limit_order_normal
2026-04-14T12:45:31.975398686+00:00,CLUSDT,Binance,SELL,0.97836721382759,91.99,90.0,284921286,xl-ff390f89c320473d9a6330fad885884f,main_loop_limit_order_normal
2026-04-14T12:45:42.374431661+00:00,CLUSDT,Binance,SELL,0.9786863853849499,91.96000000000001,90.0,284923855,xl-6e26f5b5162f4c4aaf160e3e6db1681f,main_loop_limit_order_normal
2026-04-14T12:45:45.425437867+00:00,CLUSDT,Binance,SELL,0.97836721382759,91.99,90.0,284925115,xl-555d23d1f1674bf0a624fd1c933de689,main_loop_limit_order_normal
2026-04-14T12:45:51.524459345+00:00,CLUSDT,Binance,SELL,0.9781545484186501,92.01,90.0,284927147,xl-8127a3efe7f945ac855956508cc2f39b,main_loop_limit_order_normal
2026-04-14T12:47:13.374777093+00:00,CLUSDT,Binance,SELL,0.9778357235984354,92.04,90.0,284944077,xl-8d6257b933f54ebfb00ce2f68a087811,main_loop_limit_order_normal
2026-04-14T12:47:42.724961243+00:00,CLUSDT,Binance,SELL,0.9781545484186501,92.01,90.0,284952380,xl-ce66addf536148baa023e200a4238918,main_loop_limit_order_normal
2026-04-14T12:47:49.125699578+00:00,CLUSDT,Binance,SELL,0.9784735812133072,91.98,90.0,284953745,xl-b95acb01af014391bafd8e77f28bd92a,main_loop_limit_order_normal
2026-04-14T12:47:55.124481835+00:00,CLUSDT,Binance,SELL,0.9787928221859706,91.95,90.0,284956719,xl-1c23b5a694de4eb288105fb0dc2b288c,main_loop_limit_order_normal
2026-04-14T12:48:24.326360655+00:00,CLUSDT,Binance,SELL,0.9793253536452665,91.9,90.0,284966335,xl-b5d0822cd56c4cab81a041d4d9cd245b,main_loop_limit_order_normal
2026-04-14T12:48:45.474746636+00:00,CLUSDT,Binance,SELL,0.9798584648884049,91.85000000000001,90.0,284974588,xl-9037b3b30b4646389487d27fd0226af8,main_loop_limit_order_normal
2026-04-14T12:48:48.525296846+00:00,CLUSDT,Binance,SELL,0.9797517962116264,91.86,90.0,284975172,xl-f59efbeb2ad44648974f3156f8293901,main_loop_limit_order_normal
2026-04-14T12:49:02.424511154+00:00,CLUSDT,Binance,SELL,0.9804989650288701,91.79,90.0,284982158,xl-0e39241fe2924d91808063959177d764,main_loop_limit_order_normal
2026-04-14T12:49:31.374914087+00:00,CLUSDT,Binance,SELL,0.9810333551340746,91.74,90.0,284997127,xl-6ea69427dd0347fbb854e6a923f49129,main_loop_limit_order_normal
2026-04-14T12:49:55.076055417+00:00,CLUSDT,Binance,SELL,0.9806057964698192,91.78,90.0,285009491,xl-54c06bd955ca4a79b058e5f293a238b3,main_loop_limit_order_normal
2026-04-14T12:49:58.125334072+00:00,CLUSDT,Binance,SELL,0.9804989650288701,91.79,90.0,285012419,xl-b8c07510d54e49058e8674fcd6e8cc3b,main_loop_limit_order_normal
2026-04-14T12:50:01.175251446+00:00,CLUSDT,Binance,SELL,0.9806057964698192,91.78,90.0,285014106,xl-afc24fdd779144db825a81e8db5d6622,main_loop_limit_order_normal
2026-04-14T12:50:06.874093037+00:00,CLUSDT,Binance,SELL,0.9806057964698192,91.78,90.0,285018005,xl-348b4ad8c966491da97a30feaf308921,main_loop_limit_order_normal
2026-04-14T12:50:15.574749949+00:00,CLUSDT,Binance,SELL,0.9797517962116264,91.86,90.0,285029408,xl-e540106ac877486b809a3c793af5402e,main_loop_limit_order_normal
2026-04-14T12:50:18.824701532+00:00,CLUSDT,Binance,SELL,0.9800718719372754,91.83,90.0,285032876,xl-90c24ffb1cf94dc9944a184f015dbc04,main_loop_limit_order_normal
2026-04-14T12:50:21.975456039+00:00,CLUSDT,Binance,SELL,0.97911227154047,91.92,90.0,285036644,xl-628d64b361bf45e7ae6de5c5c8ef682c,main_loop_limit_order_normal
2026-04-14T12:50:25.824155814+00:00,CLUSDT,Binance,SELL,0.9788992821405265,91.94,90.0,285039537,xl-b17bd79c83a54f74b32be6dccc24c529,main_loop_limit_order_normal
2026-04-14T12:50:33.474558939+00:00,CLUSDT,Binance,SELL,0.9786863853849499,91.96000000000001,90.0,285045218,xl-ded3a2c4c2a74943b7c679c24af008cb,main_loop_limit_order_normal
2026-04-14T12:50:38.875174109+00:00,CLUSDT,Binance,SELL,0.9782608695652174,92.0,90.0,285051181,xl-7bee8e2021c24953990c1fd62099e726,main_loop_limit_order_normal
2026-04-14T12:50:45.775478340+00:00,CLUSDT,Binance,SELL,0.9784735812133072,91.98,90.0,285055169,xl-4ec6f334f7cb431cb802271d35644ec8,main_loop_limit_order_normal
2026-04-14T12:50:50.724665095+00:00,CLUSDT,Binance,SELL,0.97911227154047,91.92,90.0,285058388,xl-5a64760143e844a6a85144825e4549da,main_loop_limit_order_normal
2026-04-14T12:51:16.125192231+00:00,CLUSDT,Binance,SELL,0.978579971729912,91.97,90.0,285075148,xl-d3097005258949cf990fa4afae9a33b9,main_loop_limit_order_normal
2026-04-14T12:51:32.375131712+00:00,CLUSDT,Binance,SELL,0.9787928221859706,91.95,90.0,285083175,xl-7bdafe81c4aa4845b7ae23c0610990c6,main_loop_limit_order_normal
2026-04-14T12:51:39.225348654+00:00,CLUSDT,Binance,SELL,0.9784735812133072,91.98,90.0,285086180,xl-5d688ec1d5b0448e859de441a5846596,main_loop_limit_order_normal
2026-04-14T12:52:11.624708440+00:00,CLUSDT,Binance,SELL,0.97836721382759,91.99,90.0,285099712,xl-a40ae63db71b44b99edbd799532e1e06,main_loop_limit_order_normal
2026-04-14T12:52:34.524873533+00:00,CLUSDT,Binance,SELL,0.9779419754427904,92.03,90.0,285106422,xl-075d8708b26c4747b933c4bf053dd841,main_loop_limit_order_normal
2026-04-14T12:52:40.974084859+00:00,CLUSDT,Binance,SELL,0.9776232891592439,92.06,90.0,285108779,xl-ced73c8209124274a1a7454fe37885ba,main_loop_limit_order_normal
2026-04-14T12:52:57.174798508+00:00,CLUSDT,Binance,SELL,0.9773048105114561,92.09,90.0,285114181,xl-0a8c794e63e44533998d7d457f843008,main_loop_limit_order_normal
2026-04-14T12:53:02.074738408+00:00,CLUSDT,Binance,SELL,0.9775171065493645,92.07000000000001,90.0,285115444,xl-6b63d2e10e4c45a28cbd65f7fe3eb8ac,main_loop_limit_order_normal
2026-04-14T12:53:21.425277808+00:00,CLUSDT,Binance,SELL,0.9782608695652174,92.0,90.0,285120928,xl-c924ecf6086d413890c3812e83e61820,main_loop_limit_order_normal
2026-04-14T12:53:38.174984044+00:00,CLUSDT,Binance,SELL,0.9784735812133072,91.98,90.0,285125453,xl-ebf4115e6d9e4725bb0ab27ba3c0cbe1,main_loop_limit_order_normal
2026-04-14T12:53:57.224887106+00:00,CLUSDT,Binance,SELL,0.9781545484186501,92.01,90.0,285129890,xl-0ef8dbe3709144b998f31345e4b56c99,main_loop_limit_order_normal
2026-04-14T12:54:10.724762568+00:00,CLUSDT,Binance,SELL,0.9774109470026064,92.08,90.0,285134384,xl-fe320ebe23d7490b8bbc53db74db6a67,main_loop_limit_order_normal
2026-04-14T12:54:20.974533685+00:00,CLUSDT,Binance,SELL,0.9776232891592439,92.06,90.0,285136872,xl-f53b828f4fd640c48c1ddc18a3f888fd,main_loop_limit_order_normal
2026-04-14T12:54:27.924623107+00:00,CLUSDT,Binance,SELL,0.9778357235984354,92.04,90.0,285138745,xl-f6b9b180f41a4e9fa966271979dc49da,main_loop_limit_order_normal
2026-04-14T12:54:51.124958445+00:00,CLUSDT,Binance,SELL,0.9790057652561731,91.93,90.0,285144090,xl-5bd3fca143c44f4ea50a7342a8fb669d,main_loop_limit_order_normal
2026-04-14T12:55:05.124559544+00:00,CLUSDT,Binance,SELL,0.9790057652561731,91.93,90.0,285148707,xl-8d4ce94059c94ebaabd034ae8083395e,main_loop_limit_order_normal
2026-04-14T12:55:08.924148343+00:00,CLUSDT,Binance,SELL,0.9794319294809011,91.89,90.0,285150665,xl-8cab61fe7bb84747a681efaeef56b2e4,main_loop_limit_order_normal
2026-04-14T12:55:13.324883388+00:00,CLUSDT,Binance,SELL,0.9787928221859706,91.95,90.0,285152802,xl-de3bf9fb66c6430da0d6eb283515c53b,main_loop_limit_order_normal
2026-04-14T12:55:50.875154247+00:00,CLUSDT,Binance,SELL,0.9788992821405265,91.94,90.0,285165803,xl-b9178d0d8fe44a5ca956b061dde67f5c,main_loop_limit_order_normal
2026-04-14T12:56:08.274911666+00:00,CLUSDT,Binance,SELL,0.9784735812133072,91.98,90.0,285173873,xl-95284a9871744d04b7841785bbfa088d,main_loop_limit_order_normal
2026-04-14T12:56:13.624401811+00:00,CLUSDT,Binance,SELL,0.9787928221859706,91.95,90.0,285176164,xl-02c2b21c8a3143c9a5b6fe317663f4e9,main_loop_limit_order_normal
2026-04-14T12:56:29.475185688+00:00,CLUSDT,Binance,SELL,0.9782608695652174,92.0,90.0,285180615,xl-12081623c319447b905d3b17b0c0f5f9,main_loop_limit_order_normal
2026-04-14T12:56:43.024675334+00:00,CLUSDT,Binance,SELL,0.9790057652561731,91.93,90.0,285186264,xl-64d9ea64ff944b5b8ce8a706bf9f65a4,main_loop_limit_order_normal
2026-04-14T12:57:04.725129201+00:00,CLUSDT,Binance,SELL,0.978579971729912,91.97,90.0,285193615,xl-a842a26ddf034882a1d88e64150ea905,main_loop_limit_order_normal
2026-04-14T12:57:09.575355332+00:00,CLUSDT,Binance,SELL,0.9793253536452665,91.9,90.0,285196045,xl-2cf3e6e46b4741129e763e20ef52a4a0,main_loop_limit_order_normal
2026-04-14T12:57:31.824937899+00:00,CLUSDT,Binance,SELL,0.9787928221859706,91.95,90.0,285206270,xl-ef67d4aa7d54402fa7c4a8725b8078aa,main_loop_limit_order_normal
2026-04-14T12:57:39.774751021+00:00,CLUSDT,Binance,SELL,0.9792188010009792,91.91,90.0,285209574,xl-08b355ed03954d00ab5305ad21803400,main_loop_limit_order_normal
2026-04-14T12:57:55.374675967+00:00,CLUSDT,Binance,SELL,0.9786863853849499,91.96000000000001,90.0,285215501,xl-daf6e13f5df14d6592c493958c74f246,main_loop_limit_order_normal
2026-04-14T12:58:22.875039357+00:00,CLUSDT,Binance,SELL,0.9788992821405265,91.94,90.0,285223114,xl-ac2821820b3f4f9893dbbca2ed822e28,main_loop_limit_order_normal
2026-04-14T12:58:37.574496155+00:00,CLUSDT,Binance,SELL,0.9786863853849499,91.96000000000001,90.0,285228370,xl-f9a5b83f94484290b44869611031ffe0,main_loop_limit_order_normal
2026-04-14T12:59:34.325338501+00:00,CLUSDT,Binance,SELL,0.9792188010009792,91.91,90.0,285243688,xl-f72e1c37a1494573be8cfbe054a10f15,main_loop_limit_order_normal
2026-04-14T12:59:52.725049102+00:00,CLUSDT,Binance,SELL,0.979538528515455,91.88,90.0,285249067,xl-07a83c85ca0b4f9f8309e7fd9ca6baf1,main_loop_limit_order_normal
2026-04-14T13:00:05.225218735+00:00,CLUSDT,Binance,SELL,0.9779419754427904,92.03,90.0,285260279,xl-a9a5a01ad60e41bbbc866544831317d7,main_loop_limit_order_normal
2026-04-14T13:00:08.625612975+00:00,CLUSDT,Binance,SELL,0.9788992821405265,91.94,90.0,285263059,xl-0f53e6608f984cbf8855b4b44c19d140,main_loop_limit_order_normal
2026-04-14T13:00:14.728125653+00:00,CLUSDT,Binance,SELL,0.9781545484186501,92.01,90.0,285267752,xl-779f813ac0a048dc8433dcc91f45725a,main_loop_limit_order_normal
2026-04-14T13:00:18.675814711+00:00,CLUSDT,Binance,SELL,0.9778357235984354,92.04,90.0,285269974,xl-a95a9d634dd34820a03510ce719e2fea,main_loop_limit_order_normal
2026-04-14T13:00:31.074528516+00:00,CLUSDT,Binance,SELL,0.9784735812133072,91.98,90.0,285278385,xl-666757f0bd7b4043baba7a84ecb16fe2,main_loop_limit_order_normal
2026-04-14T13:00:36.524123016+00:00,CLUSDT,Binance,SELL,0.9788992821405265,91.94,90.0,285281672,xl-185676844c72459a8e3d5b3f8cadf45a,main_loop_limit_order_normal
2026-04-14T13:00:41.325279827+00:00,CLUSDT,Binance,SELL,0.97836721382759,91.99,90.0,285284084,xl-7d39367347ac4504a1059c1078e65220,main_loop_limit_order_normal
2026-04-14T13:01:02.325078110+00:00,CLUSDT,Binance,SELL,0.9788992821405265,91.94,90.0,285295089,xl-7a1119a087634184a71cab7cc184916e,main_loop_limit_order_normal
2026-04-14T13:01:07.474677155+00:00,CLUSDT,Binance,SELL,0.9793253536452665,91.9,90.0,285299024,xl-bdc6cc82ce8d48ed9201085804e93b3f,main_loop_limit_order_normal
2026-04-14T13:01:25.325494279+00:00,CLUSDT,Binance,SELL,0.9796451507565037,91.87,90.0,285310064,xl-3e829a1ffe14441cb54f9025afac7154,main_loop_limit_order_normal
2026-04-14T13:01:31.676390217+00:00,CLUSDT,Binance,SELL,0.97911227154047,91.92,90.0,285315358,xl-96885bbe508b481fa212f28ea80d7629,main_loop_limit_order_normal
2026-04-14T13:01:37.076027860+00:00,CLUSDT,Binance,SELL,0.978579971729912,91.97,90.0,285318489,xl-956385b00b6443a6919c56dc4897cb55,main_loop_limit_order_normal
2026-04-14T13:01:52.175610869+00:00,CLUSDT,Binance,SELL,0.9778357235984354,92.04,90.0,285325462,xl-97e739ffd18a4a8d946a62d1b6a96150,main_loop_limit_order_normal
2026-04-14T13:02:05.174933537+00:00,CLUSDT,Binance,SELL,0.9776232891592439,92.06,90.0,285331467,xl-69d3f0a02d2441d1b80760088f3f12a9,main_loop_limit_order_normal
2026-04-14T13:02:12.975187157+00:00,CLUSDT,Binance,SELL,0.9774109470026064,92.08,90.0,285335437,xl-07ce939b03214ef786594d41fa4fb42b,main_loop_limit_order_normal
2026-04-14T13:02:17.875463783+00:00,CLUSDT,Binance,SELL,0.977729494839761,92.05,90.0,285337405,xl-142f4d545ccd40d09b438dbbfb586053,main_loop_limit_order_normal
2026-04-14T13:02:43.174887200+00:00,CLUSDT,Binance,SELL,0.9776232891592439,92.06,90.0,285346188,xl-e3c88f6bc6f54aca966ce0f53d437f51,main_loop_limit_order_normal
2026-04-14T13:02:53.274515922+00:00,CLUSDT,Binance,SELL,0.9779419754427904,92.03,90.0,285349699,xl-635423fccda84bd1a739a31a2af6ba0a,main_loop_limit_order_normal
2026-04-14T13:03:05.924986762+00:00,CLUSDT,Binance,SELL,0.97911227154047,91.92,90.0,285354202,xl-c354df48c36748c9bb00c5c1efaa1381,main_loop_limit_order_normal
2026-04-14T13:03:13.924275872+00:00,CLUSDT,Binance,SELL,0.9799651567944251,91.84,90.0,285358062,xl-8939d4e8fec74320a62ff054e61f0413,main_loop_limit_order_normal
2026-04-14T13:03:20.374588234+00:00,CLUSDT,Binance,SELL,0.9804989650288701,91.79,90.0,285363983,xl-a8d9fe99f39a434db46080f799f65f22,main_loop_limit_order_normal
2026-04-14T13:03:24.175087406+00:00,CLUSDT,Binance,SELL,0.9797517962116264,91.86,90.0,285365581,xl-4dfbef2a860b4e319f9bf7d8f46abd72,main_loop_limit_order_normal
2026-04-14T13:03:31.676084963+00:00,CLUSDT,Binance,SELL,0.9803921568627452,91.8,90.0,285370458,xl-b0fb41ce3cb445fc812e428c0ceed6b5,main_loop_limit_order_normal
2026-04-14T13:03:46.774583064+00:00,CLUSDT,Binance,SELL,0.9802853719638384,91.81,90.0,285376712,xl-fcae84cf73e64b54917304edb223a78d,main_loop_limit_order_normal
2026-04-14T13:04:04.674855478+00:00,CLUSDT,Binance,SELL,0.9790057652561731,91.93,90.0,285385250,xl-da52d66f58a3422fa81f11a78981aaf9,main_loop_limit_order_normal
2026-04-14T13:04:09.574527351+00:00,CLUSDT,Binance,SELL,0.9787928221859706,91.95,90.0,285387665,xl-203ad9ad254a4874a0eb1f266b99fb57,main_loop_limit_order_normal
2026-04-14T13:04:41.275413456+00:00,CLUSDT,Binance,SELL,0.9782608695652174,92.0,90.0,285401561,xl-50758c4e2594445fabb7aad58d49566e,main_loop_limit_order_normal
2026-04-14T13:04:49.874546140+00:00,CLUSDT,Binance,SELL,0.9796451507565037,91.87,90.0,285405640,xl-bf51ae448bbe4447aeda6869875ebdb8,main_loop_limit_order_normal
2026-04-14T13:04:55.824905099+00:00,CLUSDT,Binance,SELL,0.9790057652561731,91.93,90.0,285407716,xl-2a84860b99b74f8e99e8903c9e43b55a,main_loop_limit_order_normal
2026-04-14T13:05:07.326367252+00:00,CLUSDT,Binance,SELL,0.9790057652561731,91.93,90.0,285411535,xl-ee9240d439f04bed87dd9dade3f3fa63,main_loop_limit_order_normal
2026-04-14T13:05:15.874436496+00:00,CLUSDT,Binance,SELL,0.9784735812133072,91.98,90.0,285415264,xl-a121718867464f4788858e9dbbb26915,main_loop_limit_order_normal
2026-04-14T13:05:40.475143478+00:00,CLUSDT,Binance,SELL,0.97836721382759,91.99,90.0,285422999,xl-71a60e805eec4294a7f73233fa02000a,main_loop_limit_order_normal
2026-04-14T13:06:22.574532518+00:00,CLUSDT,Binance,SELL,0.9782608695652174,92.0,90.0,285436853,xl-aed4dce053e44c17a8d7621bddd43680,main_loop_limit_order_normal
2026-04-14T13:06:40.425229862+00:00,CLUSDT,Binance,SELL,0.9778357235984354,92.04,90.0,285440518,xl-4b7d3fdbb98b4baa8b46cfdcc146538d,main_loop_limit_order_normal
2026-04-14T13:06:48.525341194+00:00,CLUSDT,Binance,SELL,0.978579971729912,91.97,90.0,285442770,xl-9ee7992c68e44910808f8598988c9f5a,main_loop_limit_order_normal
2026-04-14T13:10:46.775583739+00:00,CLUSDT,Binance,SELL,0.9782608695652174,92.0,90.0,285531238,xl-e4843f63f9e94410a0063dbfbe51d0ad,main_loop_limit_order_normal
2026-04-14T13:10:59.676753197+00:00,CLUSDT,Binance,SELL,0.9787928221859706,91.95,90.0,285534960,xl-6e3e4973399d457498742db22ad0cb94,main_loop_limit_order_normal
2026-04-14T13:11:09.924343653+00:00,CLUSDT,Binance,SELL,0.9790057652561731,91.93,90.0,285539587,xl-9b5aa90951834096b0faa239d78f0e5a,main_loop_limit_order_normal
2026-04-14T13:11:13.624724727+00:00,CLUSDT,Binance,SELL,0.9784735812133072,91.98,90.0,285540784,xl-bfd022dd949242b4a844ca18949768ac,main_loop_limit_order_normal
2026-04-14T13:11:50.274747016+00:00,CLUSDT,Binance,SELL,0.9781545484186501,92.01,90.0,285551284,xl-bd28b26f20c74dd288314663c26bc83f,main_loop_limit_order_normal
2026-04-14T13:12:14.024870445+00:00,CLUSDT,Binance,SELL,0.9778357235984354,92.04,90.0,285559463,xl-a377d9fe9ee84ecc9de667ac9e579b30,main_loop_limit_order_normal
2026-04-14T13:12:40.026655552+00:00,CLUSDT,Binance,SELL,0.97836721382759,91.99,90.0,285568377,xl-f4f92a9c902b4c07b86797a3fabb234d,main_loop_limit_order_normal
2026-04-14T13:12:43.774822484+00:00,CLUSDT,Binance,SELL,0.9790057652561731,91.93,90.0,285569717,xl-59d9f4c6d1424ec4a7e42b4f14d54d0f,main_loop_limit_order_normal
2026-04-14T13:12:54.976685173+00:00,CLUSDT,Binance,SELL,0.978579971729912,91.97,90.0,285573064,xl-dc066012f9cb499db756c8d8f0c97bc9,main_loop_limit_order_normal
2026-04-14T13:13:09.574343025+00:00,CLUSDT,Binance,SELL,0.9792188010009792,91.91,90.0,285580071,xl-fff96ed1de4e42b1b812881d83843dcb,main_loop_limit_order_normal
2026-04-14T13:13:21.475009623+00:00,CLUSDT,Binance,SELL,0.9788992821405265,91.94,90.0,285586535,xl-8b9b26f64f98468682fb174e4d490570,main_loop_limit_order_normal
2026-04-14T13:13:44.574236550+00:00,CLUSDT,Binance,SELL,0.979538528515455,91.88,90.0,285595206,xl-f444d971e47d4bea9e7d021530dbbdfd,main_loop_limit_order_normal
2026-04-14T13:13:50.574625863+00:00,CLUSDT,Binance,SELL,0.9790057652561731,91.93,90.0,285597539,xl-1b8072947d13461190c6d9552bd86e5c,main_loop_limit_order_normal
2026-04-14T13:13:55.925011409+00:00,CLUSDT,Binance,SELL,0.9788992821405265,91.94,90.0,285599616,xl-572441329b7043e08326b9b1436972f0,main_loop_limit_order_normal
2026-04-14T13:14:45.126533976+00:00,CLUSDT,Binance,SELL,0.9793253536452665,91.9,90.0,285616418,xl-1b0cf8c8072a4de6aaa58fbb1d68266c,main_loop_limit_order_normal
2026-04-14T13:14:52.025267143+00:00,CLUSDT,Binance,SELL,0.9786863853849499,91.96000000000001,90.0,285619317,xl-c45c9819300e4838baf5e5963301e838,main_loop_limit_order_normal
2026-04-14T13:15:19.674562716+00:00,CLUSDT,Binance,SELL,0.9792188010009792,91.91,90.0,285627355,xl-34bf5835ec3a4eceb1c349e3e01640ad,main_loop_limit_order_normal
2026-04-14T13:15:26.724910729+00:00,CLUSDT,Binance,SELL,0.9799651567944251,91.84,90.0,285631156,xl-4ef8c84635b74783983b7dfa34a99000,main_loop_limit_order_normal
2026-04-14T13:15:43.126473762+00:00,CLUSDT,Binance,SELL,0.979538528515455,91.88,90.0,285638905,xl-4c77bffdd54c4ae99cdbadaf16449bfd,main_loop_limit_order_normal
2026-04-14T13:15:55.025316814+00:00,CLUSDT,Binance,SELL,0.9802853719638384,91.81,90.0,285643493,xl-e532d4ed603b49fd94642d8fe95cc273,main_loop_limit_order_normal
2026-04-14T13:15:59.774844225+00:00,CLUSDT,Binance,SELL,0.9810333551340746,91.74,90.0,285647701,xl-ca6ed1fca14f435b8755d823031d44c5,main_loop_limit_order_normal
2026-04-14T13:16:06.375224649+00:00,CLUSDT,Binance,SELL,0.980178610324548,91.82000000000001,90.0,285653147,xl-5d9caee1518a402288e52c2686cd5913,main_loop_limit_order_normal
2026-04-14T13:16:11.725276366+00:00,CLUSDT,Binance,SELL,0.979538528515455,91.88,90.0,285656620,xl-29044aff7b5b46ad9fe5df8b30cc45b2,main_loop_limit_order_normal
2026-04-14T13:16:20.374627866+00:00,CLUSDT,Binance,SELL,0.9793253536452665,91.9,90.0,285661065,xl-0086bcc9208b4d40bd66dae055be4232,main_loop_limit_order_normal
2026-04-14T13:16:38.475333144+00:00,CLUSDT,Binance,SELL,0.9798584648884049,91.85000000000001,90.0,285671756,xl-8c4ee623691d40c3a93d1fd9cfd51411,main_loop_limit_order_normal
2026-04-14T13:16:45.824912402+00:00,CLUSDT,Binance,SELL,0.9798584648884049,91.85000000000001,90.0,285674823,xl-31ea614181d94faa91702fa0e18724fe,main_loop_limit_order_normal
2026-04-14T13:17:06.325256714+00:00,CLUSDT,Binance,SELL,0.980819529206626,91.76,90.0,285683197,xl-3356eb2680d341379563ae6fd20f05c6,main_loop_limit_order_normal
2026-04-14T13:17:14.424941959+00:00,CLUSDT,Binance,SELL,0.9802853719638384,91.81,90.0,285687371,xl-96b5baca80c0413d973bf18f0c32c4ae,main_loop_limit_order_normal
2026-04-14T13:17:28.875088056+00:00,CLUSDT,Binance,SELL,0.9809264305177112,91.75,90.0,285694806,xl-14de9cc6b6ee49d691d9bf253c0c13d2,main_loop_limit_order_normal
2026-04-14T13:17:33.326472967+00:00,CLUSDT,Binance,SELL,0.981675392670157,91.68,90.0,285698499,xl-ae689ae7147144af91f43c2c24ed230a,main_loop_limit_order_normal
2026-04-14T13:18:03.925035234+00:00,CLUSDT,Binance,SELL,0.9819967266775776,91.65,90.0,285713952,xl-bc8b63a02ad54833822c3ea56dd21149,main_loop_limit_order_normal
2026-04-14T13:18:28.624903729+00:00,CLUSDT,Binance,SELL,0.9824254993996289,91.61,90.0,285728277,xl-1c98ca70ba724810a7ec2f1c305e62ac,main_loop_limit_order_normal
2026-04-14T13:18:41.524144341+00:00,CLUSDT,Binance,SELL,0.9833916083916084,91.52,90.0,285740610,xl-bd741d1381e4449fb7fe2ea86694ae41,main_loop_limit_order_normal
2026-04-14T13:18:53.925048271+00:00,CLUSDT,Binance,SELL,0.9838216003498031,91.48,90.0,285749321,xl-32c16e6d4a1e4b9d9f1cf8feda769b7e,main_loop_limit_order_normal
2026-04-14T13:18:58.174494772+00:00,CLUSDT,Binance,SELL,0.9828546467183574,91.57000000000001,90.0,285752102,xl-7c608dec870d48fab483fe4cb7745024,main_loop_limit_order_normal
2026-04-14T13:19:41.525061028+00:00,CLUSDT,Binance,SELL,0.9827473247433938,91.58,90.0,285778872,xl-d7f7b82a8bb44fd1926cd97cef375f3b,main_loop_limit_order_normal
2026-04-14T13:19:45.874485825+00:00,CLUSDT,Binance,SELL,0.9833916083916084,91.52,90.0,285781767,xl-d379a294761c48fba2353fb875db6c3e,main_loop_limit_order_normal
2026-04-14T13:20:06.324447795+00:00,CLUSDT,Binance,SELL,0.9829619921363041,91.56,90.0,285791578,xl-46c551312ee24999833439e9dbfbf9b8,main_loop_limit_order_normal
2026-04-14T13:20:34.725531575+00:00,CLUSDT,Binance,SELL,0.9827473247433938,91.58,90.0,285803099,xl-715a6acfe82343f6a347b87c18ae6871,main_loop_limit_order_normal
2026-04-14T13:20:50.975448074+00:00,CLUSDT,Binance,SELL,0.9827473247433938,91.58,90.0,285811310,xl-6235699adb8e42e293447f45a8e5cee0,main_loop_limit_order_normal
2026-04-14T13:20:59.525340273+00:00,CLUSDT,Binance,SELL,0.9822110662446797,91.63,90.0,285814343,xl-b180e80d27c94ab9a8e6195b6868fcff,main_loop_limit_order_normal
2026-04-14T13:21:14.177496222+00:00,CLUSDT,Binance,SELL,0.9827473247433938,91.58,90.0,285818628,xl-ec165462bdca4d5b8015a492c72fff77,main_loop_limit_order_normal
2026-04-14T13:21:27.224973300+00:00,CLUSDT,Binance,SELL,0.9823182711198428,91.62,90.0,285823440,xl-05f4556f6380461db05315a0ec09ccf0,main_loop_limit_order_normal
2026-04-14T13:21:39.624360064+00:00,CLUSDT,Binance,SELL,0.9817824806370677,91.67,90.0,285827638,xl-d73887e5b4b6497d9ce2c315f2c1439e,main_loop_limit_order_normal
2026-04-14T13:22:03.374260420+00:00,CLUSDT,Binance,SELL,0.9823182711198428,91.62,90.0,285836707,xl-4b6a4f09bfaa496c897729748b020e30,main_loop_limit_order_normal
2026-04-14T13:22:29.724879460+00:00,CLUSDT,Binance,SELL,0.9823182711198428,91.62,90.0,285846304,xl-8d9337c07cf14c74900fdec497821ed6,main_loop_limit_order_normal
2026-04-14T13:22:46.025154757+00:00,CLUSDT,Binance,SELL,0.9813542688910696,91.71000000000001,90.0,285851329,xl-e105b5455d3d40e487f355b9d964d366,main_loop_limit_order_normal
2026-04-14T13:22:56.074897205+00:00,CLUSDT,Binance,SELL,0.9818895919703251,91.66,90.0,285855343,xl-32d8b7bba2ac4e809a9b6d56ce758ef2,main_loop_limit_order_normal
2026-04-14T13:23:14.524988868+00:00,CLUSDT,Binance,SELL,0.9813542688910696,91.71000000000001,90.0,285862246,xl-60fdc5b0480348d1bf1a1a87ae306881,main_loop_limit_order_normal
2026-04-14T13:23:29.024416684+00:00,CLUSDT,Binance,SELL,0.9817824806370677,91.67,90.0,285868294,xl-114ac28ddf8c42e68f5cb9f9bd375e07,main_loop_limit_order_normal
2026-04-14T13:23:52.524493364+00:00,CLUSDT,Binance,SELL,0.9821038847664775,91.64,90.0,285876526,xl-e90e26519d504f899cdc5dabf609a9ab,main_loop_limit_order_normal
2026-04-14T13:24:02.074504831+00:00,CLUSDT,Binance,SELL,0.9822110662446797,91.63,90.0,285880386,xl-258f94f7f87a4f1f8ba4f165189c2e7f,main_loop_limit_order_normal
2026-04-14T13:24:19.374980440+00:00,CLUSDT,Binance,SELL,0.9830693610049154,91.55,90.0,285887323,xl-f0c320eb25b742128bb3b5b78e3a150b,main_loop_limit_order_normal
2026-04-14T13:24:32.475240759+00:00,CLUSDT,Binance,SELL,0.9834990711397661,91.51,90.0,285893631,xl-b1f8810589504525a78917dbddbc3838,main_loop_limit_order_normal
2026-04-14T13:24:45.175181943+00:00,CLUSDT,Binance,SELL,0.9830693610049154,91.55,90.0,285899855,xl-e89a5075c05a45848114afb9350671b0,main_loop_limit_order_normal
2026-04-14T13:25:25.474384536+00:00,CLUSDT,Binance,SELL,0.982640026203734,91.59,90.0,285917585,xl-0a6c8287f1a44e8aa9d2bdf5fa4eb3ee,main_loop_limit_order_normal
2026-04-14T13:25:29.875394988+00:00,CLUSDT,Binance,SELL,0.9822110662446797,91.63,90.0,285919432,xl-9b17a7d9388740a387ca0fa2649caa54,main_loop_limit_order_normal
2026-04-14T13:25:38.525073098+00:00,CLUSDT,Binance,SELL,0.9827473247433938,91.58,90.0,285922579,xl-df562d8e7e8c4674ba3fc14cd47502e9,main_loop_limit_order_normal
2026-04-14T13:25:47.724260751+00:00,CLUSDT,Binance,SELL,0.982532751091703,91.60000000000001,90.0,285925024,xl-990f4918d96d4b2a959c13158e1d2319,main_loop_limit_order_normal
2026-04-14T13:26:21.174744260+00:00,CLUSDT,Binance,SELL,0.9822110662446797,91.63,90.0,285935478,xl-5f05b42b6f4c402194f902c1c8d14b92,main_loop_limit_order_normal
2026-04-14T13:26:57.725041803+00:00,CLUSDT,Binance,SELL,0.9815683280619479,91.69,90.0,285946575,xl-fc60e2b238bd4717a16643ae3e1d3342,main_loop_limit_order_normal
2026-04-14T13:28:03.024114673+00:00,CLUSDT,Binance,SELL,0.981247274313127,91.72,90.0,285974175,xl-ecb25e1c51374b1db9351c2ef11db3cd,main_loop_limit_order_normal
2026-04-14T13:28:10.925360747+00:00,CLUSDT,Binance,SELL,0.981675392670157,91.68,90.0,285976626,xl-41ec201b412e4953b2e70a3f6fce2a74,main_loop_limit_order_normal
2026-04-14T13:28:31.424430966+00:00,CLUSDT,Binance,SELL,0.9824254993996289,91.61,90.0,285983373,xl-ec261ff677bb45d1a4708bb91f881c75,main_loop_limit_order_normal
2026-04-14T13:28:51.475444764+00:00,CLUSDT,Binance,SELL,0.9819967266775776,91.65,90.0,285993964,xl-3006590f87bc4779b354efe2629b6fce,main_loop_limit_order_normal
2026-04-14T13:29:12.125061796+00:00,CLUSDT,Binance,SELL,0.9814612868047983,91.7,90.0,286001852,xl-59b3fd16b16440c8896a62b7691ef594,main_loop_limit_order_normal
2026-04-14T13:29:45.124907047+00:00,CLUSDT,Binance,SELL,0.981140303063338,91.73,90.0,286013861,xl-1586e3bbcad7429a85c70dae25ec4510,main_loop_limit_order_normal
2026-04-14T13:30:05.124369435+00:00,CLUSDT,Binance,SELL,0.9814612868047983,91.7,90.0,286027623,xl-876abfccda2b4970b739c475ceb5521e,main_loop_limit_order_normal
2026-04-14T13:30:09.525078787+00:00,CLUSDT,Binance,SELL,0.9813542688910696,91.71000000000001,90.0,286030372,xl-957adbb5a90d4ee1895cbbfcd1eea250,main_loop_limit_order_normal
2026-04-14T13:30:15.624750585+00:00,CLUSDT,Binance,SELL,0.9807126511932004,91.77,90.0,286036427,xl-4e05a2ced0ef42ad948b21454cc1d3c0,main_loop_limit_order_normal
2026-04-14T13:30:19.874934975+00:00,CLUSDT,Binance,SELL,0.9815683280619479,91.69,90.0,286039842,xl-a68c7075117943909cb63bfc7af985d0,main_loop_limit_order_normal
2026-04-14T13:30:27.424441442+00:00,CLUSDT,Binance,SELL,0.9809264305177112,91.75,90.0,286046383,xl-57f5114360c14b5b9e80569482f875be,main_loop_limit_order_normal
2026-04-14T13:31:08.325120371+00:00,CLUSDT,Binance,SELL,0.9810333551340746,91.74,90.0,286071753,xl-b56fd4c63dd543fca172dcb71bb570d7,main_loop_limit_order_normal
2026-04-14T13:31:13.174644102+00:00,CLUSDT,Binance,SELL,0.9815683280619479,91.69,90.0,286075345,xl-be03ced5bfab4f46be4384e4de06d03c,main_loop_limit_order_normal
2026-04-14T13:31:30.524932083+00:00,CLUSDT,Binance,SELL,0.9809264305177112,91.75,90.0,286086788,xl-61d85d8119d449b29c6df590863fa56a,main_loop_limit_order_normal
2026-04-14T13:31:42.474472375+00:00,CLUSDT,Binance,SELL,0.9806057964698192,91.78,90.0,286094480,xl-b3098e9828e64dbebabc2022a1d82d25,main_loop_limit_order_normal
2026-04-14T13:31:56.124397106+00:00,CLUSDT,Binance,SELL,0.9810333551340746,91.74,90.0,286102358,xl-a515082f79de49eaac33d45baeeaa4fd,main_loop_limit_order_normal
2026-04-14T13:32:03.074833833+00:00,CLUSDT,Binance,SELL,0.9809264305177112,91.75,90.0,286107357,xl-a1e1f5d4ba7f4f7c8d638804dc16d9bc,main_loop_limit_order_normal
2026-04-14T13:32:10.674268734+00:00,CLUSDT,Binance,SELL,0.9813542688910696,91.71000000000001,90.0,286113638,xl-78810bd8cffe4bc9bc5bfe9b55842ed5,main_loop_limit_order_normal
2026-04-14T13:32:14.725339725+00:00,CLUSDT,Binance,SELL,0.9819967266775776,91.65,90.0,286116434,xl-9427f8f6995e4ed5925b260b96af1123,main_loop_limit_order_normal
2026-04-14T13:32:20.025140040+00:00,CLUSDT,Binance,SELL,0.9823182711198428,91.62,90.0,286121594,xl-300a7de9119d4a1db74b885f432148f8,main_loop_limit_order_normal
2026-04-14T13:32:30.725500163+00:00,CLUSDT,Binance,SELL,0.9818895919703251,91.66,90.0,286129423,xl-487959105e164aa4a27bdd74101f3835,main_loop_limit_order_normal
2026-04-14T13:32:42.624541789+00:00,CLUSDT,Binance,SELL,0.9822110662446797,91.63,90.0,286137248,xl-debbb9904f7c42698cc8b9dd6335b931,main_loop_limit_order_normal
2026-04-14T13:32:49.974420953+00:00,CLUSDT,Binance,SELL,0.9815683280619479,91.69,90.0,286140958,xl-3af283be50d4405ab39063dc40549bde,main_loop_limit_order_normal
2026-04-14T13:33:06.775340002+00:00,CLUSDT,Binance,SELL,0.9810333551340746,91.74,90.0,286150234,xl-18dc42e4fc4b445795d1add3c6e483db,main_loop_limit_order_normal
2026-04-14T13:33:28.524855454+00:00,CLUSDT,Binance,SELL,0.9815683280619479,91.69,90.0,286165229,xl-be04be85ff2d45e7a3b10f4275835612,main_loop_limit_order_normal
2026-04-14T13:33:51.523914736+00:00,CLUSDT,Binance,SELL,0.9810333551340746,91.74,90.0,286181035,xl-d5ae86b9378e41d1ba065583273dcc2b,main_loop_limit_order_normal
2026-04-14T13:34:00.624456080+00:00,CLUSDT,Binance,SELL,0.9815683280619479,91.69,90.0,286186570,xl-17807643978c47c98016827a3bca10e1,main_loop_limit_order_normal
2026-04-14T13:34:05.724975373+00:00,CLUSDT,Binance,SELL,0.981247274313127,91.72,90.0,286190644,xl-4c582fa6a4a3433391ca0d676b762fb2,main_loop_limit_order_normal
2026-04-14T13:34:20.724687132+00:00,CLUSDT,Binance,SELL,0.9817824806370677,91.67,90.0,286199375,xl-5d1c9b8af0f049299730b4547db6b20d,main_loop_limit_order_normal
2026-04-14T13:34:40.074646195+00:00,CLUSDT,Binance,SELL,0.981140303063338,91.73,90.0,286209084,xl-3ee426806a2644fcbc3ffbfbc638e3c9,main_loop_limit_order_normal
2026-04-14T13:34:48.174225698+00:00,CLUSDT,Binance,SELL,0.9815683280619479,91.69,90.0,286212153,xl-8858ba613ca9465284942c3e529b7da6,main_loop_limit_order_normal
2026-04-14T13:34:55.075095223+00:00,CLUSDT,Binance,SELL,0.9809264305177112,91.75,90.0,286215538,xl-6ee04c2352b54175a8634df3cbf6be93,main_loop_limit_order_normal
2026-04-14T13:35:04.675486826+00:00,CLUSDT,Binance,SELL,0.981675392670157,91.68,90.0,286221281,xl-651c36f7eabe4f929846931d9e68fd50,main_loop_limit_order_normal
2026-04-14T13:35:33.925652579+00:00,CLUSDT,Binance,SELL,0.9822110662446797,91.63,90.0,286236584,xl-277641ee9d9f48bea5439548b966c002,main_loop_limit_order_normal
2026-04-14T13:35:58.824913839+00:00,CLUSDT,Binance,SELL,0.9829619921363041,91.56,90.0,286251413,xl-f561e98418174eeba8ab14fc310978de,main_loop_limit_order_normal
2026-04-14T13:36:04.124008235+00:00,CLUSDT,Binance,SELL,0.9843596193809471,91.43,90.0,286259991,xl-2e3c94f2152d49b5a59ae7f4a1b466b1,main_loop_limit_order_normal
2026-04-14T13:36:11.674956352+00:00,CLUSDT,Binance,SELL,0.9850060194812301,91.37,90.0,286272012,xl-11659e2a492c44b8a9fe6c59b2d69a53,main_loop_limit_order_normal
2026-04-14T13:36:17.575702554+00:00,CLUSDT,Binance,SELL,0.9858692080184028,91.29,90.0,286279277,xl-dbc69288e21947ad8423cb484440ea0e,main_loop_limit_order_normal
2026-04-14T13:36:26.724722931+00:00,CLUSDT,Binance,SELL,0.9852216748768472,91.35000000000001,90.0,286286025,xl-6c5e4a9245d846f38dd35127fbcd075a,main_loop_limit_order_normal
2026-04-14T13:36:34.275207316+00:00,CLUSDT,Binance,SELL,0.9857612267250822,91.3,90.0,286290432,xl-4bc739fe8ab646d086756be3f4fc5709,main_loop_limit_order_normal
2026-04-14T13:36:41.874994239+00:00,CLUSDT,Binance,SELL,0.9840367373715284,91.46000000000001,90.0,286298560,xl-f8e514e6cdc4485f9f739da21e866d28,main_loop_limit_order_normal
2026-04-14T13:36:46.312319505+00:00,CLUSDT,Binance,SELL,0.9843596193809471,91.43,90.0,286302416,xl-c00c53150d8a41dda8a53ea7d87c4309,main_loop_limit_order_normal
2026-04-14T13:36:52.724671082+00:00,CLUSDT,Binance,SELL,0.984251968503937,91.44,90.0,286306630,xl-02bd04c50e834fc78d9522d11629edfb,main_loop_limit_order_normal
2026-04-14T13:37:02.875950313+00:00,CLUSDT,Binance,SELL,0.9844672938087946,91.42,90.0,286311782,xl-8c9bfcf377cb46a68f4f7fd77961f0e8,main_loop_limit_order_normal
2026-04-14T13:37:18.975159444+00:00,CLUSDT,Binance,SELL,0.9836065573770492,91.5,90.0,286321173,xl-d26f9e16f2a94047a87b533317619f62,main_loop_limit_order_normal
2026-04-14T13:37:23.974851488+00:00,CLUSDT,Binance,SELL,0.9839291571006887,91.47,90.0,286323958,xl-dc97a3783378452a8514a5bac568801f,main_loop_limit_order_normal
2026-04-14T13:37:28.775258797+00:00,CLUSDT,Binance,SELL,0.9845749917952085,91.41,90.0,286326560,xl-e0326d64b7ab4e88bab37795dcd20971,main_loop_limit_order_normal
2026-04-14T13:37:32.375707150+00:00,CLUSDT,Binance,SELL,0.9845749917952085,91.41,90.0,286329413,xl-c52c5236c3ed4d99b9526dbd29cc5ed5,main_loop_limit_order_normal
2026-04-14T13:38:47.675311839+00:00,CLUSDT,Binance,SELL,0.9864094695309076,91.24,90.0,286387474,xl-a6b120a394d943c199a00326ea3d45ff,main_loop_limit_order_normal
2026-04-14T13:38:59.524750664+00:00,CLUSDT,Binance,SELL,0.985977212971078,91.28,90.0,286395719,xl-e6fef6b712044a09aa0d5d332c0fca24,main_loop_limit_order_normal
2026-04-14T13:39:04.425349587+00:00,CLUSDT,Binance,SELL,0.9855453350854139,91.32000000000001,90.0,286400095,xl-bc934be2364a4ef6836ca06e7ef4e172,main_loop_limit_order_normal
2026-04-14T13:39:16.774646948+00:00,CLUSDT,Binance,BUY,0.988793671720501,91.02,90.0,286410183,xl-d08e0abb38ff4c71bfa81fea6a62c176,main_loop_limit_order_normal
2026-04-14T13:39:25.424753328+00:00,CLUSDT,Binance,BUY,0.988793671720501,91.02,90.0,286417210,xl-13c33134392644f4b3e6422b84f32397,main_loop_limit_order_normal
2026-04-14T13:39:41.524838695+00:00,CLUSDT,Binance,BUY,0.9881422924901186,91.08,90.0,286428893,xl-90f7bf48e33845218fc5eaffe413703c,main_loop_limit_order_normal
2026-04-14T13:39:49.525439633+00:00,CLUSDT,Binance,BUY,0.9877085162423178,91.12,90.0,286435607,xl-31c39f3ad0764e15ae1745320287562e,main_loop_limit_order_normal
2026-04-14T13:40:12.724582310+00:00,CLUSDT,Binance,BUY,0.9878169245966414,91.11,90.0,286450920,xl-e5ad89f89cbb4c2498cfa63df30adb81,main_loop_limit_order_normal
2026-04-14T13:40:19.825254875+00:00,CLUSDT,Binance,BUY,0.9878169245966414,91.11,90.0,286455864,xl-01ae3f1fbae94979934ce76b6a9d090b,main_loop_limit_order_normal
2026-04-14T13:40:32.074964300+00:00,CLUSDT,Binance,BUY,0.9874917709019091,91.13,89.99012508229097,286465278,xl-3c7f57d950fd4f4bbbffbc2f7f1a3f8e,main_loop_limit_order_normal
2026-04-14T13:41:05.025255288+00:00,CLUSDT,Binance,SELL,0.9829619921363041,91.56,90.0,286485364,xl-87700a75a1884469bf749bb1b039a6ae,main_loop_limit_order_normal
2026-04-14T13:41:15.474922529+00:00,CLUSDT,Binance,SELL,0.982640026203734,91.59,90.0,286491978,xl-76fcd9653e1b461c96a21db4d17c6401,main_loop_limit_order_normal
2026-04-14T13:42:04.374543214+00:00,CLUSDT,Binance,SELL,0.9831767533318767,91.54,90.0,286520594,xl-eb2b958a4b0a4f84a353fa2bc2788a61,main_loop_limit_order_normal
2026-04-14T13:42:13.678079303+00:00,CLUSDT,Binance,SELL,0.9837140671111597,91.49,90.0,286528757,xl-6273898ff58c4a99a92895aa9ed5a656,main_loop_limit_order_normal
2026-04-14T13:42:32.626014483+00:00,CLUSDT,Binance,SELL,0.9834990711397661,91.51,90.0,286542963,xl-21a995abc7f046eda5094a1a91e7e43a,main_loop_limit_order_normal
2026-04-14T13:42:49.474225652+00:00,CLUSDT,Binance,SELL,0.9840367373715284,91.46000000000001,90.0,286553418,xl-977375ffa89e47b0972bf1eb10443bff,main_loop_limit_order_normal
2026-04-14T13:42:53.424909194+00:00,CLUSDT,Binance,SELL,0.9846827133479211,91.4,90.0,286556271,xl-d65ce894061f47c1a701c703a902c10c,main_loop_limit_order_normal
2026-04-14T13:43:03.024751004+00:00,CLUSDT,Binance,SELL,0.9853295379899277,91.34,90.0,286560597,xl-90ed6b235e794c3e8d31aeb596818b62,main_loop_limit_order_normal
2026-04-14T13:43:26.676065013+00:00,CLUSDT,Binance,SELL,0.9843596193809471,91.43,90.0,286580073,xl-d655f22f5a344e80826310b05a98cb41,main_loop_limit_order_normal
2026-04-14T13:43:38.925415497+00:00,CLUSDT,Binance,SELL,0.9851138353765324,91.36,90.0,286587960,xl-ecf8fea8275045f3b275dd4d12bce78c,main_loop_limit_order_normal
2026-04-14T13:43:48.125981768+00:00,CLUSDT,Binance,SELL,0.9856532690833424,91.31,90.0,286595731,xl-0501644b152a408ba3eaeea2b39b72cd,main_loop_limit_order_normal
2026-04-14T13:44:01.075147642+00:00,CLUSDT,Binance,SELL,0.985977212971078,91.28,90.0,286601772,xl-6b50fd5103d84a358668700e7be53d9f,main_loop_limit_order_normal
2026-04-14T13:44:13.025853919+00:00,CLUSDT,Binance,SELL,0.9856532690833424,91.31,90.0,286610087,xl-5b12987a0ce240688b5e26bab42fca36,main_loop_limit_order_normal
2026-04-14T13:44:17.425339134+00:00,CLUSDT,Binance,SELL,0.98543742472353,91.33,90.0,286612351,xl-d240b1d50d95458fb204876723f47355,main_loop_limit_order_normal
2026-04-14T13:44:23.874743162+00:00,CLUSDT,Binance,SELL,0.9852216748768472,91.35000000000001,90.0,286617022,xl-46d5c305c65d43aeaa8ea0dd3bfb14b5,main_loop_limit_order_normal
2026-04-14T13:44:34.724500466+00:00,CLUSDT,Binance,SELL,0.9865175928970733,91.23,90.0,286625637,xl-5390f376a8ee4741969e2f898888681d,main_loop_limit_order_normal
2026-04-14T13:44:37.824734244+00:00,CLUSDT,Binance,SELL,0.9858692080184028,91.29,90.0,286628233,xl-60e00cbc4a9e4df4b532bbae0e8c402e,main_loop_limit_order_normal
2026-04-14T13:44:45.124475081+00:00,CLUSDT,Binance,SELL,0.9853295379899277,91.34,90.0,286633158,xl-32a8be460b244c9aa71310fdcb07171d,main_loop_limit_order_normal
2026-04-14T13:44:55.974048017+00:00,CLUSDT,Binance,SELL,0.9848982271831911,91.38,90.0,286640052,xl-0b08064cafc6443ca1e0b58e1b526473,main_loop_limit_order_normal
2026-04-14T13:45:04.074836161+00:00,CLUSDT,Binance,SELL,0.9844672938087946,91.42,90.0,286646156,xl-e3a0d865870e4d359bd983739ffed1d6,main_loop_limit_order_normal
2026-04-14T13:45:08.874707782+00:00,CLUSDT,Binance,SELL,0.9843596193809471,91.43,90.0,286649067,xl-f79a491aa634426a83902f6a526cee9b,main_loop_limit_order_normal
2026-04-14T13:45:21.975326070+00:00,CLUSDT,Binance,SELL,0.984790458474669,91.39,90.0,286656776,xl-f04ff93a671441ee8b25e40b1ac3bb8d,main_loop_limit_order_normal
2026-04-14T13:45:37.174286431+00:00,CLUSDT,Binance,SELL,0.9841443411700382,91.45,90.0,286669196,xl-e600cb16d99942d08ff16133c3b946b2,main_loop_limit_order_normal
2026-04-14T13:45:41.924859512+00:00,CLUSDT,Binance,SELL,0.9839291571006887,91.47,90.0,286672709,xl-3a056d48523443a9ac6c2c05e1195f0a,main_loop_limit_order_normal
2026-04-14T13:45:53.924855159+00:00,CLUSDT,Binance,SELL,0.9845749917952085,91.41,90.0,286682049,xl-d78163bd0ad64948a858852901ff6c7d,main_loop_limit_order_normal
2026-04-14T13:45:59.424685242+00:00,CLUSDT,Binance,SELL,0.9851138353765324,91.36,90.0,286686178,xl-f2fef455ff3642c999865a1f8166d46d,main_loop_limit_order_normal
2026-04-14T13:46:05.526096914+00:00,CLUSDT,Binance,SELL,0.9851138353765324,91.36,90.0,286690397,xl-6decfb47c1734c50b5094a5c95a87efe,main_loop_limit_order_normal
2026-04-14T13:46:49.475676590+00:00,CLUSDT,Binance,SELL,0.9851138353765324,91.36,90.0,286714982,xl-37983ae2ba7349b8a88b6b07b750dbd1,main_loop_limit_order_normal
2026-04-14T13:47:26.575117503+00:00,CLUSDT,Binance,SELL,0.9846827133479211,91.4,90.0,286731056,xl-5c884f6deb0647b3bfb9a1963cf8b6e2,main_loop_limit_order_normal
2026-04-14T13:47:42.225854122+00:00,CLUSDT,Binance,SELL,0.9851138353765324,91.36,90.0,286740248,xl-4c09b4569b0c4ca6a30ff6653a03c420,main_loop_limit_order_normal
2026-04-14T13:47:57.475285920+00:00,CLUSDT,Binance,SELL,0.984790458474669,91.39,90.0,286748533,xl-570fde63e6a24e329534052bfbe4ab56,main_loop_limit_order_normal
2026-04-14T13:48:09.376469276+00:00,CLUSDT,Binance,SELL,0.9843596193809471,91.43,90.0,286754431,xl-ef7d372e3d3d4bb892e11944cd9fad95,main_loop_limit_order_normal
2026-04-14T13:48:22.074738987+00:00,CLUSDT,Binance,SELL,0.9850060194812301,91.37,90.0,286763552,xl-b1e2fff27ff24b3d82c8434c1479260b,main_loop_limit_order_normal
2026-04-14T13:48:30.374678792+00:00,CLUSDT,Binance,SELL,0.9845749917952085,91.41,90.0,286768978,xl-be0921a88aac4c7aabb31308236ccaa2,main_loop_limit_order_normal
2026-04-14T13:48:42.724692406+00:00,CLUSDT,Binance,SELL,0.9840367373715284,91.46000000000001,90.0,286777407,xl-a0f70653a78e4d29a97662f94c8bbbc9,main_loop_limit_order_normal
2026-04-14T13:48:52.174898981+00:00,CLUSDT,Binance,SELL,0.9838216003498031,91.48,90.0,286783386,xl-fdc3cae8207549abb0f4d46856e9df9a,main_loop_limit_order_normal
2026-04-14T13:49:01.175212199+00:00,CLUSDT,Binance,SELL,0.9836065573770492,91.5,90.0,286790320,xl-7617b0ca02ca4eea8d0ed2eb11cd326e,main_loop_limit_order_normal
2026-04-14T13:49:07.624767441+00:00,CLUSDT,Binance,SELL,0.9831767533318767,91.54,90.0,286796620,xl-ad84ab0ba8e343b8a21484d0ac81d991,main_loop_limit_order_normal
2026-04-14T13:49:16.377408761+00:00,CLUSDT,Binance,SELL,0.9830693610049154,91.55,90.0,286805579,xl-b4ca9f3c38c54b0490b34a17203e40d2,main_loop_limit_order_normal
2026-04-14T13:49:20.174632977+00:00,CLUSDT,Binance,SELL,0.983284169124877,91.53,90.0,286808565,xl-fffba48e2d8b49a89b907d0fdfbaf590,main_loop_limit_order_normal
2026-04-14T13:49:36.075630508+00:00,CLUSDT,Binance,SELL,0.9839291571006887,91.47,90.0,286820572,xl-8023fcc6d31c42f0b35e70c95ada6b0f,main_loop_limit_order_normal
2026-04-14T13:49:54.424731668+00:00,CLUSDT,Binance,SELL,0.9845749917952085,91.41,90.0,286832260,xl-dbcf4c31e064465c9fa28f42dd2b24e6,main_loop_limit_order_normal
2026-04-14T13:50:08.574184449+00:00,CLUSDT,Binance,SELL,0.9839291571006887,91.47,90.0,286840885,xl-2ef5c7fc34894f09907b2cd0ce585075,main_loop_limit_order_normal
2026-04-14T13:50:44.674514825+00:00,CLUSDT,Binance,SELL,0.9840367373715284,91.46000000000001,90.0,286858538,xl-188aaa34fbca45f5b1c7c28898384517,main_loop_limit_order_normal
2026-04-14T13:50:49.575500707+00:00,CLUSDT,Binance,SELL,0.9834990711397661,91.51,90.0,286861311,xl-9f3f9342aeca485c95b1d989f81891b9,main_loop_limit_order_normal
2026-04-14T13:51:14.325467915+00:00,CLUSDT,Binance,SELL,0.9838216003498031,91.48,90.0,286877743,xl-783416a305ff4370a5c12d8dde4f761c,main_loop_limit_order_normal
2026-04-14T13:51:24.025863437+00:00,CLUSDT,Binance,SELL,0.984790458474669,91.39,90.0,286885425,xl-d3e01e73a8fa433d8607843e309075d1,main_loop_limit_order_normal
2026-04-14T13:51:33.825084594+00:00,CLUSDT,Binance,SELL,0.9848982271831911,91.38,90.0,286892778,xl-7aec5126508d412ab53d778c89a20361,main_loop_limit_order_normal
2026-04-14T13:51:45.124687359+00:00,CLUSDT,Binance,SELL,0.98543742472353,91.33,90.0,286899320,xl-e5dd07586fd34c24ba9af0da137751c9,main_loop_limit_order_normal
2026-04-14T13:51:53.475052477+00:00,CLUSDT,Binance,SELL,0.9860852415908843,91.27,90.0,286906501,xl-4e4f71618fcc41e5b093721d677304b1,main_loop_limit_order_normal
2026-04-14T13:51:57.474779568+00:00,CLUSDT,Binance,SELL,0.986625739969305,91.22,90.0,286911153,xl-8f4d8335c2664ff0a5f539b6ae3bc98b,main_loop_limit_order_normal
2026-04-14T13:52:05.074268431+00:00,CLUSDT,Binance,SELL,0.985977212971078,91.28,90.0,286917104,xl-e296a9e2455d4fef889cb49c78e26499,main_loop_limit_order_normal
2026-04-14T13:52:13.825017375+00:00,CLUSDT,Binance,SELL,0.985977212971078,91.28,90.0,286922996,xl-446eaadfe4bb42499a54f03793ab4439,main_loop_limit_order_normal
2026-04-14T13:52:17.774699649+00:00,CLUSDT,Binance,SELL,0.9863013698630136,91.25,90.0,286924514,xl-ad65efa1d79e40d8801543762fe43a29,main_loop_limit_order_normal
2026-04-14T13:52:22.724790975+00:00,CLUSDT,Binance,SELL,0.985977212971078,91.28,90.0,286926899,xl-fb7e4ed15c3f4bf680e8c1723f9116a0,main_loop_limit_order_normal
2026-04-14T13:52:29.225075623+00:00,CLUSDT,Binance,SELL,0.9863013698630136,91.25,90.0,286929643,xl-0370e57e899040418233cc92fe20bd93,main_loop_limit_order_normal
2026-04-14T13:52:36.424628353+00:00,CLUSDT,Binance,SELL,0.9867339107553995,91.21000000000001,90.0,286934700,xl-fda8cfb6baac4765baf2628005201b55,main_loop_limit_order_normal
2026-04-14T13:52:43.975950074+00:00,CLUSDT,Binance,SELL,0.9883593235229519,91.06,90.0,286949303,xl-c41e3e25c6894ffe9565b3f449001f65,main_loop_limit_order_normal
2026-04-14T13:52:47.676882289+00:00,CLUSDT,Binance,SELL,0.988685048884983,91.03,90.0,286954383,xl-bac8ee1065e644539c96c40bb7c93841,main_loop_limit_order_normal
2026-04-14T13:53:04.475439582+00:00,CLUSDT,Binance,SELL,0.9881422924901186,91.08,90.0,286971070,xl-0375eebe00fd4ffa8639d1fe084c863b,main_loop_limit_order_normal
2026-04-14T13:53:10.424434909+00:00,CLUSDT,Binance,SELL,0.9885764499121265,91.04,90.0,286977863,xl-8293f3ce5a524f869705d67faca77b71,main_loop_limit_order_normal
2026-04-14T13:53:15.374066166+00:00,CLUSDT,Binance,SELL,0.989010989010989,91.0,90.0,286982814,xl-67bf920e225a461bbc2c012584ae71c5,main_loop_limit_order_normal
2026-04-14T13:53:20.824725126+00:00,CLUSDT,Binance,SELL,0.988250796090919,91.07000000000001,90.0,286987155,xl-7b1976e8d70d4509903cf2b3e9a74d69,main_loop_limit_order_normal
2026-04-14T13:54:02.925521512+00:00,CLUSDT,Binance,SELL,0.988685048884983,91.03,90.0,287020940,xl-d600d8d7a6aa465f8878ab5575130d15,main_loop_limit_order_normal
2026-04-14T13:54:06.775522850+00:00,CLUSDT,Binance,SELL,0.988250796090919,91.07000000000001,90.0,287022873,xl-a69ef4b2760b43fd84a390d308ee7b03,main_loop_limit_order_normal
2026-04-14T13:54:43.375296916+00:00,CLUSDT,Binance,SELL,0.988793671720501,91.02,90.0,287040605,xl-f526cee5158c461198e17c3bf282f254,main_loop_limit_order_normal
2026-04-14T13:55:03.575137142+00:00,CLUSDT,Binance,SELL,0.9889023184265465,91.01,90.0,287051567,xl-3c07c2fd128141738322536aa6f8eef2,main_loop_limit_order_normal
2026-04-14T13:55:23.475022953+00:00,CLUSDT,Binance,SELL,0.988685048884983,91.03,90.0,287063893,xl-87773c53e7804b149c04add67d3ecf64,main_loop_limit_order_normal
2026-04-14T13:55:39.074637919+00:00,CLUSDT,Binance,SELL,0.9880338127127016,91.09,90.0,287071230,xl-7f5416afa946433b9e7ae397f252f3ff,main_loop_limit_order_normal
2026-04-14T13:55:44.524322208+00:00,CLUSDT,Binance,SELL,0.9880338127127016,91.09,90.0,287074735,xl-7a4444d218344fc5b4d9998109ba3bd7,main_loop_limit_order_normal
2026-04-14T13:55:52.024470664+00:00,CLUSDT,Binance,SELL,0.988250796090919,91.07000000000001,90.0,287079669,xl-3f004f67b6104e208186bb16b7838360,main_loop_limit_order_normal
2026-04-14T13:56:01.725233009+00:00,CLUSDT,Binance,SELL,0.9881422924901186,91.08,90.0,287085424,xl-15e62dd7de664999a8ff074324c1ce84,main_loop_limit_order_normal
2026-04-14T13:56:12.375939084+00:00,CLUSDT,Binance,SELL,0.9878169245966414,91.11,90.0,287090693,xl-c01436df96da41908f5882c910c57bc0,main_loop_limit_order_normal
2026-04-14T13:56:17.125311775+00:00,CLUSDT,Binance,SELL,0.9878169245966414,91.11,90.0,287093333,xl-49aee7909fbd4d52be75870db087f44f,main_loop_limit_order_normal
2026-04-14T13:56:28.474385051+00:00,CLUSDT,Binance,SELL,0.9881422924901186,91.08,90.0,287097547,xl-b219841c00ab4e5b8001e0bb518ab5b4,main_loop_limit_order_normal
2026-04-14T13:56:37.775126437+00:00,CLUSDT,Binance,SELL,0.9880338127127016,91.09,90.0,287102507,xl-ab918770f1d8490bad1ee838f82ab219,main_loop_limit_order_normal
2026-04-14T13:56:49.475285795+00:00,CLUSDT,Binance,SELL,0.9881422924901186,91.08,90.0,287108606,xl-660a2d0ab0b1409baac02b46a2b1a152,main_loop_limit_order_normal
2026-04-14T13:56:58.076951725+00:00,CLUSDT,Binance,SELL,0.9889023184265465,91.01,90.0,287113907,xl-733077729ff54047842549411d21659a,main_loop_limit_order_normal
2026-04-14T13:57:07.625234248+00:00,CLUSDT,Binance,SELL,0.9881422924901186,91.08,90.0,287120114,xl-55e612a8183e49759cd19e4769f38c5a,main_loop_limit_order_normal
2026-04-14T13:57:26.075681195+00:00,CLUSDT,Binance,SELL,0.9878169245966414,91.11,90.0,287129775,xl-d58fc24f7c5c4ece9143b03085d31fe1,main_loop_limit_order_normal
2026-04-14T13:57:35.124025033+00:00,CLUSDT,Binance,SELL,0.9874917709019091,91.14,90.0,287134122,xl-cd66248d930f4776b772f409d3807d00,main_loop_limit_order_normal
2026-04-14T13:57:44.124514938+00:00,CLUSDT,Binance,SELL,0.9880338127127016,91.09,90.0,287139052,xl-e533f63ecdff45d79ea53eccb9dda4bb,main_loop_limit_order_normal
2026-04-14T13:58:04.824136202+00:00,CLUSDT,Binance,SELL,0.9877085162423178,91.12,90.0,287147575,xl-4a79f87200854fb781c687718e006c35,main_loop_limit_order_normal
2026-04-14T13:58:13.425030033+00:00,CLUSDT,Binance,SELL,0.9883593235229519,91.06,90.0,287150435,xl-89739745b2b24b968d46c9f9f4b2ca54,main_loop_limit_order_normal
2026-04-14T13:59:05.375098026+00:00,CLUSDT,Binance,SELL,0.988793671720501,91.02,90.0,287168644,xl-341f0db902ce449bab75d32ae4afcb6b,main_loop_limit_order_normal
2026-04-14T13:59:12.874706579+00:00,CLUSDT,Binance,SELL,0.9892284018465597,90.98,90.0,287172123,xl-9930440d18094e17995a41099731c469,main_loop_limit_order_normal
2026-04-14T13:59:27.924845060+00:00,CLUSDT,Binance,SELL,0.9889023184265465,91.01,90.0,287178881,xl-53cb87460b704130aabc862d4cf0b3f3,main_loop_limit_order_normal
2026-04-14T13:59:58.175041116+00:00,CLUSDT,Binance,SELL,0.9891196834817013,90.99,90.0,287194025,xl-bfdd5b92b45b42768087400f9c82ab38,main_loop_limit_order_normal
2026-04-14T14:00:06.724918030+00:00,CLUSDT,Binance,SELL,0.9902079436681703,90.89,90.0,287201567,xl-c72e9915d96d48aa953a77f66013beb2,main_loop_limit_order_normal
2026-04-14T14:00:12.724948259+00:00,CLUSDT,Binance,SELL,0.9907529722589168,90.84,90.0,287208743,xl-5fc594e70a16404b968d9aa3ddeaa2a9,main_loop_limit_order_normal
2026-04-14T14:00:22.074582238+00:00,CLUSDT,Binance,SELL,0.9915170210421946,90.77,90.0,287219611,xl-5a82f1fd215b48b08df4c83d03a42ddf,main_loop_limit_order_normal
2026-04-14T14:00:25.824855227+00:00,CLUSDT,Binance,SELL,0.9920634920634921,90.72,90.0,287224674,xl-12a4d3174e0a47b8ae4c6e2b1b2b62e3,main_loop_limit_order_normal
2026-04-14T14:00:30.125136404+00:00,CLUSDT,Binance,SELL,0.992282249173098,90.7,90.0,287230282,xl-92a05e7daa874f4e80f6c5b66b83df0b,main_loop_limit_order_normal
2026-04-14T14:00:34.624844735+00:00,CLUSDT,Binance,SELL,0.9929390997352162,90.64,90.0,287236494,xl-5d3a5a8701514628976f49cc94ae74e2,main_loop_limit_order_normal
2026-04-14T14:00:40.074551025+00:00,CLUSDT,Binance,SELL,0.9932678512305485,90.61,90.0,287244803,xl-380e98e27965445dbd6a6527e9f50b64,main_loop_limit_order_normal
2026-04-14T14:00:56.324367332+00:00,CLUSDT,Binance,SELL,0.9935968204901745,90.58,90.0,287258622,xl-3647b6de5b6b469aa55f5df9ed6234f8,main_loop_limit_order_normal
2026-04-14T14:01:03.474821714+00:00,CLUSDT,Binance,SELL,0.9956853634251577,90.39,90.0,287267133,xl-c62c61c288254568909e372c328969d8,main_loop_limit_order_normal
2026-04-14T14:01:08.175399978+00:00,CLUSDT,Binance,SELL,0.9966777408637874,90.3,90.0,287277156,xl-a33039c1819f4c8d8ea4b29a40d22e61,main_loop_limit_order_normal
2026-04-14T14:01:36.625600087+00:00,CLUSDT,Binance,SELL,0.9968985378821444,90.28,90.0,287314690,xl-da23806a7f17438c9c19c6bdc8939cc7,main_loop_limit_order_normal
2026-04-14T14:01:40.274868426+00:00,CLUSDT,Binance,SELL,0.9966777408637874,90.3,90.0,287317365,xl-55588587e93c4709828724c1cdc0a66b,main_loop_limit_order_normal
2026-04-14T14:01:53.874702986+00:00,CLUSDT,Binance,SELL,0.9968985378821444,90.28,90.0,287323552,xl-8ef1e7d1c5eb42e7ba418e302f3bf82b,main_loop_limit_order_normal
2026-04-14T14:02:03.476348243+00:00,CLUSDT,Binance,SELL,0.9971194327498337,90.26,90.0,287330435,xl-38940477f8394e4aaed215d383a06d62,main_loop_limit_order_normal
2026-04-14T14:02:07.875619394+00:00,CLUSDT,Binance,BUY,1.0018924635422466,89.83,90.00000000000001,287337806,xl-7f017a602b6e4ee4a6ed610e052d55b8,main_loop_limit_order_normal
2026-04-14T14:02:11.425882075+00:00,CLUSDT,Binance,SELL,0.9982253771073647,90.16,90.0,287343642,xl-7724c6bfc8fc445db4c0f113f4756bd9,main_loop_limit_order_normal
2026-04-14T14:02:15.174280883+00:00,CLUSDT,Binance,SELL,0.9985576389659382,90.13,90.0,287350071,xl-03335160238846fca84a0d7b99bd90b2,main_loop_limit_order_normal
2026-04-14T14:02:25.424618496+00:00,CLUSDT,Binance,BUY,1.003232638501839,89.71000000000001,89.99999999999999,287365950,xl-79e3a3deff084f6697fa2f6b6947ad1d,main_loop_limit_order_normal
2026-04-14T14:02:28.674871624+00:00,CLUSDT,Binance,SELL,0.9975615162935048,90.22,90.0,287369550,xl-ca8178be19a8471e9c98dc0ae1b5902d,main_loop_limit_order_normal
2026-04-14T14:02:34.624919384+00:00,CLUSDT,Binance,SELL,0.9966777408637874,90.3,90.0,287377632,xl-489fe3ceacb84a38a258d774e6b6a857,main_loop_limit_order_normal
2026-04-14T14:02:38.024457813+00:00,CLUSDT,Binance,SELL,0.9964570416297608,90.32000000000001,90.0,287382319,xl-1a174caada854b83a76e8e9d4701e12b,main_loop_limit_order_normal
2026-04-14T14:03:01.575288320+00:00,CLUSDT,Binance,SELL,0.9967881271458633,90.29,90.0,287400401,xl-d548ca9e0e0148419297db061a546802,main_loop_limit_order_normal
2026-04-14T14:03:14.624985596+00:00,CLUSDT,Binance,SELL,0.9974509586611991,90.23,90.0,287414512,xl-e9a797bc5a4e4a3b949d00e21f5468c6,main_loop_limit_order_normal
2026-04-14T14:03:25.375361280+00:00,CLUSDT,Binance,SELL,0.9966777408637874,90.3,90.0,287425025,xl-9aef80b2b1a741c2ac6dbfa900b901ed,main_loop_limit_order_normal
2026-04-14T14:03:34.524810420+00:00,CLUSDT,Binance,SELL,0.9977827050997783,90.2,90.0,287433826,xl-41a8aee6838b4b9991d8dbc04e499007,main_loop_limit_order_normal
2026-04-14T14:03:38.724731266+00:00,CLUSDT,Binance,SELL,0.9983361064891846,90.15,90.0,287437408,xl-0db2b840d88e4fc392a82904b56b5145,main_loop_limit_order_normal
2026-04-14T14:03:43.774118144+00:00,CLUSDT,Binance,SELL,0.9983361064891846,90.15,90.0,287442265,xl-f353b7fca91241b887600e15ce69b954,main_loop_limit_order_normal
2026-04-14T14:03:53.324782180+00:00,CLUSDT,Binance,SELL,0.9985576389659382,90.13,90.0,287451403,xl-b3691b83d7694f7cb0b01c5fd2b9c44a,main_loop_limit_order_normal
2026-04-14T14:03:56.674726965+00:00,CLUSDT,Binance,SELL,0.998003992015968,90.18,90.0,287452871,xl-40d92864c6934bc8a1bbcefa7593f70d,main_loop_limit_order_normal
2026-04-14T14:04:07.574230519+00:00,CLUSDT,Binance,SELL,0.998003992015968,90.18,90.0,287460049,xl-ff4335801cf74c639da2781157f4f4de,main_loop_limit_order_normal
2026-04-14T14:04:15.575074211+00:00,CLUSDT,Binance,SELL,0.9973404255319149,90.24,90.0,287468060,xl-f6fd678b81f84ec2bb3483c47d875ea0,main_loop_limit_order_normal
2026-04-14T14:04:25.824630617+00:00,CLUSDT,Binance,SELL,0.9982253771073647,90.16,90.0,287477689,xl-9257b692bc714c5c9948dc48f7cec783,main_loop_limit_order_normal
2026-04-14T14:04:35.474826193+00:00,CLUSDT,Binance,SELL,0.9998889012331963,90.01,90.0,287488680,xl-ce692ee78cc14290957b6b1f3804085e,main_loop_limit_order_normal
2026-04-14T14:04:40.425830610+00:00,CLUSDT,Binance,SELL,1.0012237178774057,89.89,90.0,287496795,xl-c0eb1f9aa1364a9a98851219a51cdecb,main_loop_limit_order_normal
2026-04-14T14:04:44.224354310+00:00,CLUSDT,Binance,SELL,1.000778383186923,89.93,90.0,287501039,xl-50cbe70c4f7c46168f310eb075b5f802,main_loop_limit_order_normal
2026-04-14T14:04:49.625126774+00:00,CLUSDT,Binance,SELL,1.000444642063139,89.96000000000001,89.99999999999999,287506032,xl-aaf0d9519aaa41e397fdc7eb2daf6b97,main_loop_limit_order_normal
2026-04-14T14:04:59.375415174+00:00,CLUSDT,Binance,SELL,1.0003334444814937,89.97,89.99999999999999,287512946,xl-2698dc4439e5447abc50d3c94c717330,main_loop_limit_order_normal
2026-04-14T14:05:04.874784323+00:00,CLUSDT,Binance,SELL,1.0011123470522802,89.9,90.0,287518505,xl-7a5e4cbf42a24ed2bd393ca57cd0d0dd,main_loop_limit_order_normal
2026-04-14T14:05:08.825231111+00:00,CLUSDT,Binance,SELL,1.000555864369094,89.95,90.0,287522093,xl-97d0c0298ad346738bc9a9e995af48c0,main_loop_limit_order_normal
2026-04-14T14:05:16.174841618+00:00,CLUSDT,Binance,SELL,1.000111123458162,89.99,90.0,287528910,xl-0f5868ece51548f68706e34287dac003,main_loop_limit_order_normal
2026-04-14T14:05:24.975108576+00:00,CLUSDT,Binance,SELL,0.9991119005328597,90.08,90.0,287537205,xl-11f52fc0fa154e8c8d1d06b64b3b7a56,main_loop_limit_order_normal
2026-04-14T14:05:35.225045773+00:00,CLUSDT,Binance,SELL,0.9987792697813783,90.11,90.0,287547956,xl-cb1328cb15654ed690e16f66df0918a8,main_loop_limit_order_normal
2026-04-14T14:05:45.625427265+00:00,CLUSDT,Binance,SELL,0.9985576389659382,90.13,90.0,287556755,xl-0ac63d1254bd40edbe2d22d9c9f47f5d,main_loop_limit_order_normal
2026-04-14T14:06:00.175441858+00:00,CLUSDT,Binance,SELL,0.9993337774816788,90.06,90.0,287566309,xl-3839e27f244446c0870d3971f4cfd914,main_loop_limit_order_normal
2026-04-14T14:06:04.525246576+00:00,CLUSDT,Binance,SELL,0.9982253771073647,90.16,90.0,287569847,xl-b19132a32c56445fb45d393d827e994b,main_loop_limit_order_normal
2026-04-14T14:06:09.975230174+00:00,CLUSDT,Binance,SELL,0.9988901220865704,90.10000000000001,90.0,287574997,xl-a1d5424d7a114849a34066889bfbfbce,main_loop_limit_order_normal
2026-04-14T14:06:14.626272539+00:00,CLUSDT,Binance,SELL,0.9996667777407531,90.03,90.0,287578507,xl-fa37ebfdc9164ec18287d65ad141ed4f,main_loop_limit_order_normal
2026-04-14T14:06:22.725282514+00:00,CLUSDT,Binance,SELL,0.9997778271495223,90.02,90.0,287585940,xl-6055c0021b7c4047b5ce308be8b45d66,main_loop_limit_order_normal
2026-04-14T14:06:28.524581178+00:00,CLUSDT,Binance,SELL,1.0002222716159146,89.98,90.0,287590401,xl-4ab1cc3a03c24129b81432d71c4985af,main_loop_limit_order_normal
2026-04-14T14:06:32.924503061+00:00,CLUSDT,Binance,SELL,0.9996667777407531,90.03,90.0,287594118,xl-03788077de584d499aec1ffcd5876e13,main_loop_limit_order_normal
2026-04-14T14:06:38.875165007+00:00,CLUSDT,Binance,SELL,1.000444642063139,89.96000000000001,89.99999999999999,287598799,xl-7fd88a5079f842878f7be1f026280804,main_loop_limit_order_normal
2026-04-14T14:06:42.675971007+00:00,CLUSDT,Binance,SELL,1.000111123458162,89.99,90.0,287601105,xl-bbe3928e05dd4c6fa525c98b99d9a670,main_loop_limit_order_normal
2026-04-14T14:06:48.024172373+00:00,CLUSDT,Binance,SELL,0.9997778271495223,90.02,90.0,287605404,xl-8b68ef42b02d42b7a96e53c565c091e1,main_loop_limit_order_normal
2026-04-14T14:06:56.724844194+00:00,CLUSDT,Binance,SELL,1.000555864369094,89.95,90.0,287611623,xl-afe27c89fefc46519aba1a5b97b956dc,main_loop_limit_order_normal
2026-04-14T14:07:04.724662264+00:00,CLUSDT,Binance,SELL,1.001001001001001,89.91,90.0,287618246,xl-8969b247f0114407a0925bf9a160b2f9,main_loop_limit_order_normal
2026-04-14T14:07:13.778348606+00:00,CLUSDT,Binance,SELL,1.0006671114076051,89.94,90.0,287626900,xl-f3e782e32ebf41f7abf036b2bedfcee2,main_loop_limit_order_normal
2026-04-14T14:07:20.824833260+00:00,CLUSDT,Binance,SELL,1.0011123470522802,89.9,90.0,287632720,xl-38405f0d1101472390ead137f2ead431,main_loop_limit_order_normal
2026-04-14T14:07:32.625803694+00:00,CLUSDT,Binance,SELL,1.001001001001001,89.91,90.0,287642479,xl-e46e7d888ca14b0dbde6f572c0a60e4f,main_loop_limit_order_normal
2026-04-14T14:07:36.575347260+00:00,CLUSDT,Binance,SELL,1.0017809439002672,89.84,90.0,287648859,xl-48c8a03e774e4c57a56f9f51f535eba0,main_loop_limit_order_normal
2026-04-14T14:07:47.224268369+00:00,CLUSDT,Binance,SELL,1.002562103152501,89.77,90.0,287660085,xl-7c4877bb131746229eb22144e76f26b4,main_loop_limit_order_normal
2026-04-14T14:07:56.475174271+00:00,CLUSDT,Binance,SELL,1.002897258747493,89.74,90.00000000000001,287669081,xl-580d677bb1ad4f269e80445fd11beaac,main_loop_limit_order_normal
2026-04-14T14:08:02.625402748+00:00,CLUSDT,Binance,SELL,1.0035682426404995,89.68,90.0,287672967,xl-7f59f81295ad413b8955f7225bcd2a7c,main_loop_limit_order_normal
2026-04-14T14:08:11.524698643+00:00,CLUSDT,Binance,SELL,1.0031208203299153,89.72,90.0,287680844,xl-663ee1611dab4397bb562110944a947e,main_loop_limit_order_normal
2026-04-14T14:08:23.174351777+00:00,CLUSDT,Binance,SELL,1.0040160642570282,89.64,90.0,287692923,xl-d20f8967d57344a884531daebf23dd6d,main_loop_limit_order_normal
2026-04-14T14:08:30.724339682+00:00,CLUSDT,Binance,SELL,1.0044642857142856,89.60000000000001,90.0,287701531,xl-59e83f607d8c4b6e96fc8a020d06025b,main_loop_limit_order_normal
2026-04-14T14:08:36.374756036+00:00,CLUSDT,Binance,SELL,1.0050251256281408,89.55,90.00000000000001,287707894,xl-67f40087287b4a3c99972b5b17f2bf09,main_loop_limit_order_normal
2026-04-14T14:08:44.425379796+00:00,CLUSDT,Binance,SELL,1.004576403616475,89.59,90.0,287716567,xl-ad1fa4910c874eddb1a00ebaf14e0b63,main_loop_limit_order_normal
2026-04-14T14:08:49.425881746+00:00,CLUSDT,Binance,SELL,1.0049129075480125,89.56,90.0,287722124,xl-01803e54059b459f8ee7258b6c6dc9bf,main_loop_limit_order_normal
2026-04-14T14:08:53.624957535+00:00,CLUSDT,Binance,SELL,1.004576403616475,89.59,90.0,287726352,xl-148191deb65a4ddabdcca8a1605a133f,main_loop_limit_order_normal
2026-04-14T14:09:03.475089454+00:00,CLUSDT,Binance,SELL,1.0062611806797854,89.44,90.0,287736741,xl-f0e18f4a2dfd4c2d8175020ddec0c4e0,main_loop_limit_order_normal
2026-04-14T14:09:09.575804961+00:00,CLUSDT,Binance,SELL,1.006936674871336,89.38,90.0,287747044,xl-9a4d8cc1d6fb4154b3960de7d2d6c5a5,main_loop_limit_order_normal
2026-04-14T14:09:20.575004896+00:00,CLUSDT,Binance,SELL,1.0072747621712366,89.35000000000001,90.0,287762107,xl-3b905bf2c29d4a7ab986397729737c1a,main_loop_limit_order_normal
2026-04-14T14:09:25.324447167+00:00,CLUSDT,Binance,SELL,1.0071620411817368,89.36,90.0,287767612,xl-0cc83d705f15427fa2aa884b47226cb2,main_loop_limit_order_normal
2026-04-14T14:09:32.675360967+00:00,CLUSDT,Binance,SELL,1.0080645161290323,89.28,90.0,287776494,xl-470aabd465d14b38bec84952dd146f13,main_loop_limit_order_normal
2026-04-14T14:09:47.775535898+00:00,CLUSDT,Binance,BUY,1.0160307067058028,88.58,90.0,287802534,xl-c53fd1c12ebc4864a2bc605b5dd3eca9,main_loop_limit_order_normal
2026-04-14T14:09:51.524752018+00:00,CLUSDT,Binance,SELL,1.012031935229956,88.93,90.0,287808688,xl-be6cc96e10df443aa4a7b19187c7a661,main_loop_limit_order_normal
2026-04-14T14:09:58.575239750+00:00,CLUSDT,Binance,BUY,1.0174089984173638,88.46000000000001,90.0,287819655,xl-2a78d0cf967f4846b274c5b3d980ada6,main_loop_limit_order_normal
2026-04-14T14:10:03.475315235+00:00,CLUSDT,Binance,SELL,1.012829169480081,88.86,90.0,287829108,xl-3c762413b2644f448d3dc4a94fabc86e,main_loop_limit_order_normal
2026-04-14T14:10:08.624459342+00:00,CLUSDT,Binance,SELL,1.0122595883477674,88.91,90.0,287837254,xl-fdf6f1b0fd824cd3b96cf1fef947576b,main_loop_limit_order_normal
2026-04-14T14:10:12.374961706+00:00,CLUSDT,Binance,SELL,1.0118043844856661,88.95,90.0,287844317,xl-60ce1b6d726048fa9c1e44629fd8b280,main_loop_limit_order_normal
2026-04-14T14:10:16.089710121+00:00,CLUSDT,Binance,BUY,1.0170640750367275,88.49,90.00000000000001,287849823,xl-760454202ff04365a02a039828b6b131,main_loop_limit_order_normal
2026-04-14T14:10:20.325608237+00:00,CLUSDT,Binance,SELL,1.0112359550561798,89.0,90.0,287856907,xl-bef0ff482a984bf1a436bda1b0446289,main_loop_limit_order_normal
2026-04-14T14:10:24.174838065+00:00,CLUSDT,Binance,SELL,1.0090817356205852,89.19,90.0,287863668,xl-a01ff04d07734277b6cdecbf86c8282e,main_loop_limit_order_normal
2026-04-14T14:10:34.874301544+00:00,CLUSDT,Binance,SELL,1.0105546822366944,89.06,90.00000000000001,287881835,xl-6e8d765769544262847bb9d98f40300d,main_loop_limit_order_normal
2026-04-14T14:10:40.224229175+00:00,CLUSDT,Binance,SELL,1.009194886745907,89.18,90.0,287888095,xl-9001f290688d48c19a5e1f554716dd23,main_loop_limit_order_normal
2026-04-14T14:10:47.174498371+00:00,CLUSDT,Binance,SELL,1.0104412260020208,89.07000000000001,90.0,287897233,xl-fb8235f369d64f42af290d8a04f4edfe,main_loop_limit_order_normal
2026-04-14T14:10:51.475068020+00:00,CLUSDT,Binance,SELL,1.01010101010101,89.10000000000001,90.0,287900830,xl-92386ec3ec154d779e8c77cac3fa3b29,main_loop_limit_order_normal
2026-04-14T14:11:01.374823885+00:00,CLUSDT,Binance,SELL,1.0099876557064302,89.11,90.0,287908261,xl-f4bca260563b4416b7f8ca7c3da0857c,main_loop_limit_order_normal
2026-04-14T14:11:08.224515835+00:00,CLUSDT,Binance,SELL,1.0089686098654709,89.2,90.0,287915629,xl-f684869f71e84a0d9e52689dee4a6bcf,main_loop_limit_order_normal
2026-04-14T14:11:15.624478825+00:00,CLUSDT,Binance,SELL,1.009421265141319,89.16,90.0,287923731,xl-3af2e8f1e3d7425f8ac3bec869db093f,main_loop_limit_order_normal
2026-04-14T14:11:23.724344702+00:00,CLUSDT,Binance,SELL,1.009194886745907,89.18,90.0,287932642,xl-a02058c3f4284d2babf995fa829c8d90,main_loop_limit_order_normal
2026-04-14T14:11:30.874371561+00:00,CLUSDT,Binance,SELL,1.0084033613445378,89.25,90.0,287941989,xl-562fb2c58c6743c9a087c85ead04ed49,main_loop_limit_order_normal
2026-04-14T14:11:34.724187263+00:00,CLUSDT,Binance,SELL,1.0076130765785938,89.32000000000001,90.0,287945984,xl-04ba67e7935a48a98a1e0ba17786d2b4,main_loop_limit_order_normal
2026-04-14T14:11:43.924417935+00:00,CLUSDT,Binance,SELL,1.0070493454179255,89.37,90.0,287955532,xl-7303cf1ac3e543e280accf501bc0437a,main_loop_limit_order_normal
2026-04-14T14:11:49.774546700+00:00,CLUSDT,Binance,SELL,1.0065988144502853,89.41,90.0,287960927,xl-29ac838e06e1459cbd4ddbeeea642ec0,main_loop_limit_order_normal
2026-04-14T14:11:55.274050562+00:00,CLUSDT,Binance,SELL,1.0059237733318431,89.47,90.0,287966809,xl-88cb915e3983433e9620efcf82a8107a,main_loop_limit_order_normal
2026-04-14T14:12:01.024765317+00:00,CLUSDT,Binance,SELL,1.0054742486872974,89.51,90.0,287973356,xl-ba853051e06846a4a31838d08e11e408,main_loop_limit_order_normal
2026-04-14T14:12:06.924802029+00:00,CLUSDT,Binance,SELL,1.0059237733318431,89.47,90.0,287978642,xl-08347b2d3cc249d39e4efec79bfd2fb7,main_loop_limit_order_normal
2026-04-14T14:12:13.125063116+00:00,CLUSDT,Binance,SELL,1.005811354492624,89.48,90.0,287985160,xl-01672f422c8743cf884850c93da98c6c,main_loop_limit_order_normal
2026-04-14T14:12:19.673859581+00:00,CLUSDT,Binance,SELL,1.0061486864169926,89.45,89.99999999999999,287990377,xl-a413f640cf5e404abcc1916a2cc53031,main_loop_limit_order_normal
2026-04-14T14:12:32.175647114+00:00,CLUSDT,Binance,SELL,1.0056989607777407,89.49,90.00000000000001,288002261,xl-707db40f65634637b2358ccd1c4edcf4,main_loop_limit_order_normal
2026-04-14T14:12:37.274442317+00:00,CLUSDT,Binance,SELL,1.0051373687737324,89.54,90.0,288007108,xl-cb31d32c9c0d41e9a757a7133e77cbe1,main_loop_limit_order_normal
2026-04-14T14:12:47.325141645+00:00,CLUSDT,Binance,SELL,1.005586592178771,89.5,90.0,288016527,xl-3ce94ae139d94081bc212808f5634ef6,main_loop_limit_order_normal
2026-04-14T14:12:55.525124098+00:00,CLUSDT,Binance,SELL,1.0051373687737324,89.54,90.0,288022456,xl-1139c52f818541cd95f7de2c48b851b1,main_loop_limit_order_normal
2026-04-14T14:12:59.924909485+00:00,CLUSDT,Binance,SELL,1.0061486864169926,89.45,89.99999999999999,288026558,xl-13deda98823343eeabcf4c11b6298ec1,main_loop_limit_order_normal
2026-04-14T14:13:03.725199188+00:00,CLUSDT,Binance,SELL,1.0063737001006372,89.43,89.99999999999999,288030772,xl-eb8f8d4067cd46a490a2d6411392d5ab,main_loop_limit_order_normal
2026-04-14T14:13:10.674849900+00:00,CLUSDT,Binance,SELL,1.006824029533505,89.39,90.0,288036650,xl-7d5923429abe4c2eafce227bc40fc5c1,main_loop_limit_order_normal
2026-04-14T14:13:16.474543653+00:00,CLUSDT,Binance,SELL,1.005811354492624,89.48,90.0,288042598,xl-6e916e8d62604dc8ba5b324cffe2bef0,main_loop_limit_order_normal
2026-04-14T14:13:32.025747578+00:00,CLUSDT,Binance,SELL,1.0062611806797854,89.44,90.0,288056435,xl-b3ae97d021d34644ac47b0e815d94d2a,main_loop_limit_order_normal
2026-04-14T14:13:38.475189970+00:00,CLUSDT,Binance,SELL,1.0061486864169926,89.45,89.99999999999999,288061915,xl-daea7157bd2d4c5c9b671044a168a366,main_loop_limit_order_normal
2026-04-14T14:13:52.675140135+00:00,CLUSDT,Binance,SELL,1.0054742486872974,89.51,90.0,288072607,xl-2f3ec12ecb714c13abb119b66fed4f45,main_loop_limit_order_normal
2026-04-14T14:13:59.524505551+00:00,CLUSDT,Binance,SELL,1.0059237733318431,89.47,90.0,288076575,xl-3f1053ac5d434ebaacb63194f671feea,main_loop_limit_order_normal
2026-04-14T14:14:03.925278526+00:00,CLUSDT,Binance,SELL,1.0064862446879892,89.42,90.0,288080380,xl-70bdc5a6d03e4c96b0732ce1c5c7ac87,main_loop_limit_order_normal
2026-04-14T14:14:08.276483169+00:00,CLUSDT,Binance,SELL,1.0056989607777407,89.49,90.00000000000001,288083669,xl-9955d9882b4648efb279a74e5db3304d,main_loop_limit_order_normal
2026-04-14T14:14:22.824680077+00:00,CLUSDT,Binance,SELL,1.0052496369931867,89.53,90.0,288094598,xl-a694a4a70256413f878e100c291421dc,main_loop_limit_order_normal
2026-04-14T14:14:31.525140570+00:00,CLUSDT,Binance,SELL,1.004576403616475,89.59,90.0,288101016,xl-ea494fc874ac468aa4de12aafdba3437,main_loop_limit_order_normal
2026-04-14T14:14:38.424608225+00:00,CLUSDT,Binance,SELL,1.0052496369931867,89.53,90.0,288106159,xl-dac8a0935fd646bea1efbb1f24e03669,main_loop_limit_order_normal
2026-04-14T14:14:53.024960270+00:00,CLUSDT,Binance,SELL,1.0060362173038229,89.46000000000001,90.0,288115630,xl-fbff18be75d24b4f9113fadde821f76b,main_loop_limit_order_normal
2026-04-14T14:14:59.024684404+00:00,CLUSDT,Binance,SELL,1.0063737001006372,89.43,89.99999999999999,288120182,xl-667a1a36319b4400aaf088fdf0db4ccd,main_loop_limit_order_normal
2026-04-14T14:15:15.626956918+00:00,CLUSDT,Binance,SELL,1.0060362173038229,89.46000000000001,90.0,288134364,xl-5023110a70ff457fb21703986123180d,main_loop_limit_order_normal
2026-04-14T14:15:28.325281486+00:00,CLUSDT,Binance,SELL,1.0065988144502853,89.41,90.0,288144114,xl-623fd141b8994d23889a3c8d45a66d5c,main_loop_limit_order_normal
2026-04-14T14:15:39.375487784+00:00,CLUSDT,Binance,SELL,1.0056989607777407,89.49,90.00000000000001,288151240,xl-3a3589ab69504d3c960cfd066c2b7fdd,main_loop_limit_order_normal
2026-04-14T14:15:47.474763581+00:00,CLUSDT,Binance,SELL,1.0050251256281408,89.55,90.00000000000001,288157497,xl-d15c1bd687e3409f847e44fcdd47ad33,main_loop_limit_order_normal
2026-04-14T14:15:56.174711093+00:00,CLUSDT,Binance,SELL,1.0054742486872974,89.51,90.0,288163589,xl-87001cfda40a4eb788c31a296e5f6ae0,main_loop_limit_order_normal
2026-04-14T14:16:00.525657906+00:00,CLUSDT,Binance,SELL,1.005811354492624,89.48,90.0,288166249,xl-e5e6b0c94c21473d825a770cef4e990b,main_loop_limit_order_normal
2026-04-14T14:16:12.975201579+00:00,CLUSDT,Binance,SELL,1.0056989607777407,89.49,90.00000000000001,288176242,xl-e445fe32893c4b47a2743101a889384c,main_loop_limit_order_normal
2026-04-14T14:16:18.675105555+00:00,CLUSDT,Binance,SELL,1.0052496369931867,89.53,90.0,288180441,xl-8d93b24c7b4f4fa0953f35ce0fd99d1e,main_loop_limit_order_normal
2026-04-14T14:16:22.474275817+00:00,CLUSDT,Binance,SELL,1.0052496369931867,89.53,90.0,288183362,xl-b81c82a2ac0b46a6bfb02f899c5aeeb4,main_loop_limit_order_normal
2026-04-14T14:16:26.874990017+00:00,CLUSDT,Binance,SELL,1.0050251256281408,89.55,90.00000000000001,288186718,xl-bb90752cbe234c158091d01a82855ef6,main_loop_limit_order_normal
2026-04-14T14:16:36.024251633+00:00,CLUSDT,Binance,SELL,1.0054742486872974,89.51,90.0,288193873,xl-f3c38faeeead4c99a33bd296453e7a9e,main_loop_limit_order_normal
2026-04-14T14:16:45.724325436+00:00,CLUSDT,Binance,SELL,1.0052496369931867,89.53,90.0,288202221,xl-6f4a7e89ac454efa947bf3cc8a0df7d6,main_loop_limit_order_normal
2026-04-14T14:16:49.624762019+00:00,CLUSDT,Binance,SELL,1.005586592178771,89.5,90.0,288205830,xl-48b68972b2f04dbdad9abba8970d2356,main_loop_limit_order_normal
2026-04-14T14:16:56.274450044+00:00,CLUSDT,Binance,SELL,1.0062611806797854,89.44,90.0,288211650,xl-1164492ef5594409938128dbbfe39e83,main_loop_limit_order_normal
2026-04-14T14:17:10.675845523+00:00,CLUSDT,Binance,SELL,1.0062611806797854,89.44,90.0,288221911,xl-8fa4f655609c4af0a65872f126eb5ca1,main_loop_limit_order_normal
2026-04-14T14:17:24.627441009+00:00,CLUSDT,Binance,SELL,1.005586592178771,89.5,90.0,288232132,xl-42e3e200dfc8440388b0270f1b86f218,main_loop_limit_order_normal
2026-04-14T14:17:34.825961068+00:00,CLUSDT,Binance,SELL,1.0053619302949062,89.52,90.0,288240890,xl-2170e1476b2b4b3c8d65d3717e267fdd,main_loop_limit_order_normal
2026-04-14T14:17:45.575698969+00:00,CLUSDT,Binance,SELL,1.005811354492624,89.48,90.0,288248473,xl-34dc750c29d540c7b9e17337a1626c4e,main_loop_limit_order_normal
2026-04-14T14:18:05.574730852+00:00,CLUSDT,Binance,SELL,1.005586592178771,89.5,90.0,288259910,xl-2bfc117d693e479fb7a3ac2b15557336,main_loop_limit_order_normal
2026-04-14T14:18:13.175050690+00:00,CLUSDT,Binance,SELL,1.0050251256281408,89.55,90.00000000000001,288266581,xl-b9ef6913747f468395dc0e26cf1dbad4,main_loop_limit_order_normal
2026-04-14T14:18:39.875950563+00:00,CLUSDT,Binance,SELL,1.004576403616475,89.59,90.0,288287598,xl-a496e599709a4bd282290a80c407789b,main_loop_limit_order_normal
2026-04-14T14:19:25.524949915+00:00,CLUSDT,Binance,SELL,1.0051373687737324,89.54,90.0,288315746,xl-1b5d7bd5adf94c84af20de2858698fb0,main_loop_limit_order_normal
2026-04-14T14:19:30.974537757+00:00,CLUSDT,Binance,SELL,1.0049129075480125,89.56,90.0,288319094,xl-4169c46c96b34b58b8ae743d56522fb0,main_loop_limit_order_normal
2026-04-14T14:19:34.725030195+00:00,CLUSDT,Binance,SELL,1.0053619302949062,89.52,90.0,288321291,xl-68ff213ea0d34cd98e0334f84da8c7b8,main_loop_limit_order_normal
2026-04-14T14:19:50.975378334+00:00,CLUSDT,Binance,SELL,1.0059237733318431,89.47,90.0,288331063,xl-0d830527339044e9a83bff5d94e72f08,main_loop_limit_order_normal
2026-04-14T14:19:57.375373959+00:00,CLUSDT,Binance,SELL,1.0053619302949062,89.52,90.0,288335375,xl-a9114228b5ad4094a0b08154ec650457,main_loop_limit_order_normal
2026-04-14T14:20:27.025145468+00:00,CLUSDT,Binance,SELL,1.0046885465505693,89.58,90.0,288353025,xl-a771c5352581447eba1ce4c69dfbb6dc,main_loop_limit_order_normal
2026-04-14T14:20:44.175006951+00:00,CLUSDT,Binance,SELL,1.0051373687737324,89.54,90.0,288363014,xl-d100671458234adaa32cefe9ca08f3aa,main_loop_limit_order_normal
2026-04-14T14:20:53.325524201+00:00,CLUSDT,Binance,SELL,1.0046885465505693,89.58,90.0,288368884,xl-520bc9da04784b28a85836f776ab9d0b,main_loop_limit_order_normal
2026-04-14T14:20:59.824376895+00:00,CLUSDT,Binance,SELL,1.005586592178771,89.5,90.0,288372409,xl-e609b2b0eb0843d29095d927e061b6fc,main_loop_limit_order_normal
2026-04-14T14:21:12.175622602+00:00,CLUSDT,Binance,SELL,1.0051373687737324,89.54,90.0,288377784,xl-3737505f6c1f415193c650adc6fea433,main_loop_limit_order_normal
2026-04-14T14:21:19.675164208+00:00,CLUSDT,Binance,SELL,1.0054742486872974,89.51,90.0,288383239,xl-d94ee54eeb49450fa5a735e4ddba687b,main_loop_limit_order_normal
2026-04-14T14:21:59.125094427+00:00,CLUSDT,Binance,SELL,1.0049129075480125,89.56,90.0,288403835,xl-6407c2d34ac746d289043e8ecc031592,main_loop_limit_order_normal
2026-04-14T14:22:25.125347766+00:00,CLUSDT,Binance,SELL,1.004576403616475,89.59,90.0,288420395,xl-6c79824092a746a58530e180ceed7e71,main_loop_limit_order_normal
2026-04-14T14:22:36.775031965+00:00,CLUSDT,Binance,SELL,1.0040160642570282,89.64,90.0,288427781,xl-f1a4837fd4d94a10a29d22d285bf54b7,main_loop_limit_order_normal
2026-04-14T14:22:52.575288970+00:00,CLUSDT,Binance,SELL,1.0035682426404995,89.68,90.0,288438663,xl-dfa04f2b8d714cfd95d702b37a9cd883,main_loop_limit_order_normal
2026-04-14T14:23:18.374771891+00:00,CLUSDT,Binance,SELL,1.0034563496487903,89.69,90.0,288455079,xl-1cfc9521e3a448159e3e72b76ae774c3,main_loop_limit_order_normal
2026-04-14T14:23:37.775982520+00:00,CLUSDT,Binance,SELL,1.0030090270812437,89.73,90.0,288466897,xl-f7f3ca27a27f4ad5911240e7053bbf2a,main_loop_limit_order_normal
2026-04-14T14:24:07.574542446+00:00,CLUSDT,Binance,SELL,1.0037921035021191,89.66,90.0,288484198,xl-35151b120a7b4e27b0eb990b201adc72,main_loop_limit_order_normal
2026-04-14T14:24:15.725052526+00:00,CLUSDT,Binance,SELL,1.0036801605888257,89.67,90.0,288487849,xl-b9469cd8aa7f43f9a8a09aa5c1ef2b87,main_loop_limit_order_normal
2026-04-14T14:24:21.124784386+00:00,CLUSDT,Binance,SELL,1.0030090270812437,89.73,90.0,288490338,xl-018109aeadaf4e34961a9cf409a3b00e,main_loop_limit_order_normal
2026-04-14T14:24:37.174490964+00:00,CLUSDT,Binance,SELL,1.003232638501839,89.71000000000001,89.99999999999999,288499276,xl-bb2a8b56168c4354bba4ccf9eddd9f32,main_loop_limit_order_normal
2026-04-14T14:24:44.975123114+00:00,CLUSDT,Binance,SELL,1.0034563496487903,89.69,90.0,288504598,xl-e34e9eafb9094088abc5c53f3a0f7fbb,main_loop_limit_order_normal
2026-04-14T14:24:50.525189397+00:00,CLUSDT,Binance,SELL,1.0031208203299153,89.72,90.0,288507879,xl-e52a3ccdbda5441394c689e2af03ea37,main_loop_limit_order_normal
2026-04-14T14:25:10.574950739+00:00,CLUSDT,Binance,SELL,1.002897258747493,89.74,90.00000000000001,288519930,xl-b180a099db1041f1933e700e99215a71,main_loop_limit_order_normal
2026-04-14T14:25:13.825026251+00:00,CLUSDT,Binance,SELL,1.003232638501839,89.71000000000001,89.99999999999999,288522402,xl-54bd43249cb64240af391b25d9a70b0c,main_loop_limit_order_normal
2026-04-14T14:25:22.024712366+00:00,CLUSDT,Binance,SELL,1.0037921035021191,89.66,90.0,288527216,xl-15e152611ead44f4a09dbf60aabae81a,main_loop_limit_order_normal
2026-04-14T14:25:31.224891355+00:00,CLUSDT,Binance,SELL,1.0041280821153633,89.63,90.00000000000001,288532427,xl-b164509b31f945c8844357019febb609,main_loop_limit_order_normal
2026-04-14T14:25:37.074604436+00:00,CLUSDT,Binance,SELL,1.0034563496487903,89.69,90.0,288536323,xl-f365b232e8884dcc9692e27e5dda7086,main_loop_limit_order_normal
2026-04-14T14:25:51.224997881+00:00,CLUSDT,Binance,SELL,1.0030090270812437,89.73,90.0,288545829,xl-d34ad25443914051a50a57acf2ceec35,main_loop_limit_order_normal
2026-04-14T14:25:59.374805057+00:00,CLUSDT,Binance,SELL,1.003232638501839,89.71000000000001,89.99999999999999,288551492,xl-3e7b3b5cf13b46029f8f0e6be192867a,main_loop_limit_order_normal
2026-04-14T14:26:34.825272930+00:00,CLUSDT,Binance,SELL,1.0026737967914439,89.76,90.0,288570772,xl-9f29f6afd88b491b9ef518f0bf2d8d57,main_loop_limit_order_normal
2026-04-14T14:27:18.681751135+00:00,CLUSDT,Binance,SELL,1.002562103152501,89.77,90.0,288594634,xl-30ba672235db435ca6d6cc15c10f1ee2,main_loop_limit_order_normal
2026-04-14T14:27:32.425147016+00:00,CLUSDT,Binance,SELL,1.0021155773299186,89.81,90.0,288601383,xl-4480c86851094975ad08953caaee6bf4,main_loop_limit_order_normal
2026-04-14T14:27:55.225482901+00:00,CLUSDT,Binance,SELL,1.0013351134846462,89.88,90.0,288611001,xl-73eeb3611d2340269921f802df307da9,main_loop_limit_order_normal
2026-04-14T14:28:25.524733633+00:00,CLUSDT,Binance,SELL,1.0013351134846462,89.88,90.0,288626079,xl-237ca468e82746c9920176f7e2e14359,main_loop_limit_order_normal
2026-04-14T14:28:44.274711450+00:00,CLUSDT,Binance,SELL,1.0022271714922049,89.8,90.0,288638780,xl-80800ae3d4a44bc09d8d2339e339a81e,main_loop_limit_order_normal
2026-04-14T14:28:49.824887112+00:00,CLUSDT,Binance,SELL,1.0031208203299153,89.72,90.0,288643654,xl-0e7ac95c99d243f3ae50ce43110516ba,main_loop_limit_order_normal
2026-04-14T14:28:54.125172974+00:00,CLUSDT,Binance,SELL,1.0040160642570282,89.64,90.0,288647996,xl-14084e4b68fe40e8b96e6c6d0337bce7,main_loop_limit_order_normal
2026-04-14T14:29:09.224035193+00:00,CLUSDT,Binance,SELL,1.0037921035021191,89.66,90.0,288660843,xl-d80af2b738c5490789ced9176c20c6cb,main_loop_limit_order_normal
2026-04-14T14:29:13.025797649+00:00,CLUSDT,Binance,SELL,1.0042401249721045,89.62,90.0,288664822,xl-6e81ea9b74944d82b139ab5b6d1db5ce,main_loop_limit_order_normal
2026-04-14T14:29:29.625038356+00:00,CLUSDT,Binance,SELL,1.0044642857142856,89.61,90.01004464285712,288677702,xl-49d7750b836249cfa3987a8e0172616f,main_loop_limit_order_normal
2026-04-14T14:29:37.825283402+00:00,CLUSDT,Binance,SELL,1.0035682426404995,89.68,90.0,288685586,xl-9f5f63dacff84f9d92349669e34b4501,main_loop_limit_order_normal
2026-04-14T14:29:49.625452633+00:00,CLUSDT,Binance,SELL,1.003232638501839,89.71000000000001,89.99999999999999,288693923,xl-c92fe9c61a144e5f8cd3571bc2437027,main_loop_limit_order_normal
2026-04-14T14:29:58.774617817+00:00,CLUSDT,Binance,SELL,1.0033444816053512,89.7,90.0,288699576,xl-c9d2c06de3a64eaeb5d052acbe31b1ff,main_loop_limit_order_normal
2026-04-14T14:30:20.174643895+00:00,CLUSDT,Binance,SELL,1.0017809439002672,89.84,90.0,288719490,xl-4f80c6d1d1c24b039cf3d9a4b2daf054,main_loop_limit_order_normal
2026-04-14T14:30:44.925219226+00:00,CLUSDT,Binance,SELL,1.002004008016032,89.86,90.04008016032063,288738553,xl-9e59d8757e6c49c184f69947aa46e642,main_loop_limit_order_normal
2026-04-14T14:31:02.975308163+00:00,CLUSDT,Binance,SELL,1.0021155773299186,89.81,90.0,288749768,xl-8bbf8f17dbff432a8eeeea9f99baac94,main_loop_limit_order_normal
2026-04-14T14:31:11.524477345+00:00,CLUSDT,Binance,SELL,1.001669449081803,89.85000000000001,90.00000000000001,288758410,xl-bd56bd06227341468570a7ca4ebc682d,main_loop_limit_order_normal
2026-04-14T14:31:26.925117330+00:00,CLUSDT,Binance,SELL,1.0013351134846462,89.88,90.0,288770412,xl-58bf05f7a58849908d7ce41e88a892be,main_loop_limit_order_normal
2026-04-14T14:31:32.675594404+00:00,CLUSDT,Binance,SELL,1.001669449081803,89.86,90.01001669449082,288774946,xl-93708ae5f9214055937d12e394ddca64,main_loop_limit_order_normal
2026-04-14T14:31:42.974301163+00:00,CLUSDT,Binance,SELL,1.002004008016032,89.82000000000001,90.0,288780217,xl-15538e44599540938797e39939d55449,main_loop_limit_order_normal
2026-04-14T14:31:52.724241242+00:00,CLUSDT,Binance,SELL,1.0026737967914439,89.76,90.0,288781915,xl-9be7f243df804c0bbfc66120c9c7c431,main_loop_limit_order_normal
2026-04-14T14:32:04.675400825+00:00,CLUSDT,Binance,SELL,1.0021155773299186,89.81,90.0,288786278,xl-c42de7b3fc094131afa13ddeeab0b7f5,main_loop_limit_order_normal
2026-04-14T14:32:28.775364087+00:00,CLUSDT,Binance,SELL,1.0024504343951883,89.79,90.01002450434396,288804755,xl-d1a7b57e15254cfcbaa0012aef2f93a0,main_loop_limit_order_normal
2026-04-14T14:32:43.874216332+00:00,CLUSDT,Binance,SELL,1.0031208203299153,89.72,90.0,288813361,xl-683f258ec90048f3bb2db8e059c96f63,main_loop_limit_order_normal
2026-04-14T14:33:00.725718537+00:00,CLUSDT,Binance,SELL,1.002897258747493,89.75,90.01002897258749,288816342,xl-41805cf8749f4ebfb9a19d098ea7ead2,main_loop_limit_order_normal
2026-04-14T14:33:32.025093939+00:00,CLUSDT,Binance,SELL,1.003232638501839,89.72,90.010032326385,288837606,xl-cec66d0f7f824c4a9f69e6e18350146e,main_loop_limit_order_normal
2026-04-14T14:33:45.524505228+00:00,CLUSDT,Binance,SELL,1.0033444816053512,89.72,90.0200668896321,288848003,xl-780d9627a45f4756ab547cc576057381,main_loop_limit_order_normal
2026-04-14T14:34:09.224511359+00:00,CLUSDT,Binance,SELL,1.0035682426404995,89.69,90.01003568242639,288861831,xl-1098fa02349a460694f408f6a19df195,main_loop_limit_order_normal
2026-04-14T14:34:23.677165857+00:00,CLUSDT,Binance,SELL,1.0031208203299153,89.77,90.05015604101649,288870641,xl-3275a917b5dc4becbbd5b3f0e321cfee,main_loop_limit_order_normal
2026-04-14T14:34:47.875290060+00:00,CLUSDT,Binance,SELL,1.0035682426404995,89.73,90.05017841213203,288887607,xl-45e90078b52b42e29c320d8308027fbe,main_loop_limit_order_normal
2026-04-14T14:35:17.824682452+00:00,CLUSDT,Binance,SELL,1.0031208203299153,89.77,90.05015604101649,288906755,xl-e59174d42d214feebcf806f6c40a3870,main_loop_limit_order_normal
2026-04-14T14:35:31.724953416+00:00,CLUSDT,Binance,SELL,1.0035682426404995,89.74,90.06021409455842,288915037,xl-3f2f77d260f14a61a2dccd69dfe5c2e9,main_loop_limit_order_normal
2026-04-14T14:35:37.875309504+00:00,CLUSDT,Binance,SELL,1.0037921035021191,89.73,90.07026544724515,288919382,xl-deabed85d19848c38a4837781709a1ea,main_loop_limit_order_normal
2026-04-14T14:35:44.424933539+00:00,CLUSDT,Binance,SELL,1.004352192835621,89.66,90.05021760964176,288924428,xl-5e3f353993b7449987fb0c0eb535d348,main_loop_limit_order_normal
2026-04-14T14:35:50.425984624+00:00,CLUSDT,Binance,SELL,1.0049129075480125,89.6,90.04019651630192,288929687,xl-a3ce13810e2a4d908251a790c924c80f,main_loop_limit_order_normal
2026-04-14T14:35:55.425090409+00:00,CLUSDT,Binance,SELL,1.005811354492624,89.51,90.03017434063477,288934066,xl-179c5419be344d0db0821e3205f43483,main_loop_limit_order_normal
2026-04-14T14:36:02.174836665+00:00,CLUSDT,Binance,SELL,1.0062611806797854,89.48,90.04025044722721,288939115,xl-64f6dcf17c994583a06110fd157090f2,main_loop_limit_order_normal
2026-04-14T14:36:15.374928836+00:00,CLUSDT,Binance,SELL,1.0061486864169926,89.51,90.06036892118502,288950617,xl-2644b548fc68418285b86720b1dc3ec0,main_loop_limit_order_normal
2026-04-14T14:36:20.624738616+00:00,CLUSDT,Binance,SELL,1.0060362173038229,89.53,90.07042253521126,288955618,xl-c5c03b5d07f34f2292a03924f3101e71,main_loop_limit_order_normal
2026-04-14T14:36:52.775008221+00:00,CLUSDT,Binance,SELL,1.0065988144502853,89.47,90.06039592886702,288977999,xl-8bc38f7112cd48db80fb6a0529acbaa8,main_loop_limit_order_normal
2026-04-14T14:37:09.524355803+00:00,CLUSDT,Binance,SELL,1.0063737001006372,89.46,90.030191211003,288995023,xl-47b8c0593ae64cbf80b871c132b33176,main_loop_limit_order_normal
2026-04-14T14:37:42.925146467+00:00,CLUSDT,Binance,SELL,1.006824029533505,89.44,90.05034120147668,289019749,xl-301475d736724a80959484d5d121cf74,main_loop_limit_order_normal
2026-04-14T14:38:00.524807903+00:00,CLUSDT,Binance,SELL,1.0063737001006372,89.48,90.05031868500502,289031293,xl-fa56165526c64616abc4ecf34d4ef626,main_loop_limit_order_normal
2026-04-14T14:38:16.924962460+00:00,CLUSDT,Binance,SELL,1.0054742486872974,89.58,90.0703831974081,289045826,xl-f8ce871da17049f0b9fe9d304b1dd80f,main_loop_limit_order_normal
2026-04-14T14:38:31.425209995+00:00,CLUSDT,Binance,SELL,1.004576403616475,89.66,90.07032034825315,289058416,xl-37482ff849e043aa80a2bf234792207f,main_loop_limit_order_normal
2026-04-14T14:38:43.374913001+00:00,CLUSDT,Binance,SELL,1.0051373687737324,89.61,90.07035961581416,289067935,xl-5e765da637e841d38b5cee85c9ff5b43,main_loop_limit_order_normal
2026-04-14T14:38:49.625298117+00:00,CLUSDT,Binance,SELL,1.0050251256281408,89.64,90.09045226130654,289073138,xl-34aae8779e07437094b796495b9e10a4,main_loop_limit_order_normal
2026-04-14T14:39:01.925898232+00:00,CLUSDT,Binance,SELL,1.0051373687737324,89.6,90.06030824212641,289078704,xl-bb32f97080314db5a292d0e80bee720f,main_loop_limit_order_normal
2026-04-14T14:39:14.125264532+00:00,CLUSDT,Binance,SELL,1.004576403616475,89.67,90.08036611228933,289088677,xl-08d74ea56fd447f3915e7f339b3309ae,main_loop_limit_order_normal
2026-04-14T14:39:40.924760809+00:00,CLUSDT,Binance,SELL,1.0037921035021191,89.73,90.07026544724515,289108158,xl-42d12d6e7a994af2a55c2db913f56b88,main_loop_limit_order_normal
2026-04-14T14:40:06.825455268+00:00,CLUSDT,Binance,SELL,1.002897258747493,89.81,90.07020280811234,289122156,xl-b92b2f7a7593403aab8cfaf0ce249252,main_loop_limit_order_normal
2026-04-14T14:40:16.525275540+00:00,CLUSDT,Binance,SELL,1.002004008016032,89.88,90.06012024048094,289127172,xl-10f27ae538cd465dad4f59846b3966ef,main_loop_limit_order_normal
2026-04-14T14:40:29.924317594+00:00,CLUSDT,Binance,SELL,1.0023387905111927,89.88,90.090210491146,289135786,xl-3fbbc0f2b8db4968b0e8950317c66112,main_loop_limit_order_normal
2026-04-14T14:40:34.675004953+00:00,CLUSDT,Binance,SELL,1.002004008016032,89.91,90.09018036072143,289140769,xl-f92219f9f5784bdcbba7aa82eca2eab8,main_loop_limit_order_normal
2026-04-14T14:41:04.125315219+00:00,CLUSDT,Binance,SELL,1.0014465338822744,89.93,90.06008679203295,289160453,xl-733b894a72c14aba97bfa2bad34e10fd,main_loop_limit_order_normal
2026-04-14T14:41:18.824342743+00:00,CLUSDT,Binance,SELL,1.0024504343951883,89.86,90.08019603475162,289171081,xl-b394732c167b4e31a3ce3bffb3f9b1c7,main_loop_limit_order_normal
2026-04-14T14:41:27.126140532+00:00,CLUSDT,Binance,SELL,1.0031208203299153,89.79,90.07021845742311,289177752,xl-a1749b0240d046d3aab50d3d6277e250,main_loop_limit_order_normal
2026-04-14T14:41:34.025130480+00:00,CLUSDT,Binance,SELL,1.0037921035021191,89.73,90.07026544724515,289182540,xl-28a42679b5a740e796c0a4f09a224c6e,main_loop_limit_order_normal
